4262 5722
853 507 1063 627 ...Q

149 756 347 855 aggressi,
376 768 456 830 tum
472 752 834 851 veroHollbjiirnus
853 773 934 826 sese
947 725 1152 826 Thericlia
1167 731 1425 849 substrahere,
1449 763 1602 857 cumque
1619 759 1662 833 id
1680 765 1757 834 mt-

145 891 247 964 nime
268 901 534 988 expectaret„
551 889 614 974 ilii
636 913 656 958 e
679 885 859 963 manibus
883 887 988 958 elabi
1011 887 1053 958 in
1078 898 1291 984 terramque
1319 891 1556 965 descendere.
1611 899 1757 970 Postea

149 1023 379 1096 Thorkellas
400 1025 557 1096 domum
570 1021 698 1094 rediit.
750 1023 943 1099 Famulus
961 1033 1042 1130 tum
1061 1023 1368 1128 qooqoedomum
1382 1026 1555 1100 redierat
1574 1053 1758 1100 vaccam.

144 1159 447 1253 qoeinvenerat.
499 1159 645 1230 Postea
668 1155 729 1226 nil
744 1152 844 1226 mali
868 1153 918 1224 ab
931 1152 1170 1248 Hailbjo‘rno
1195 1157 1353 1228 illatum
1369 1171 1437 1238 est.
1494 1159 1757 1254 Tiorbjb'rnus

144 1289 337 1398 Skrjupus
363 1304 478 1394 atque
505 1282 704 1398 Meikoria
731 1301 812 1360 tum
833 1299 948 1403 erant
974 1289 1138 1379 mortui,
1163 1288 1276 1360 ambo
1292 1288 1334 1360 in
1354 1287 1590 1364 Loxardalo
1610 1297 1757 1366 tumulo
1795 1305 1806 1328 “

143 1423 294 1494 conditi
300 1447 314 1514 ‚·
341 1423 499 1494 illorum
508 1411 952 1512 autemfiliasLambius
968 1419 1010 1489 in
1021 1432 1196 1513 paterna
1214 1401 1312 1494 vilia
1323 1421 1550 1515 habitabat,
1586 1425 1646 1497 vir
1667 1405 1759 1521 opi-

144 1555 216 1626 ltus
230 1579 279 1626 ao
294 1555 529 1626 strenuitate
549 1555 715 1624 multum
727 1555 896 1648 pollens.
946 1551 1113 1623 Lambio
1129 1577 1243 1649 qoam
1263 1555 1380 1648 patri
1399 1556 1526 1650 major
1541 1556 1631 1647 fuit
1656 1537 1757 1627 iriter

141 1711 292 1760 cooevos
306 1687 545 1760 existimatio
557 1697 727 1781 propter
743 1697 965 1760 maternum
975 1707 1116 1780 genus3
1151 1685 1214 1756 illi
1231 1709 1316 1757 cum
1339 1686 1463 1758 Olooo
1482 1689 1759 1784 consanguini-

141 1821 241 1890 tatis
264 1821 462 1913 amorfel
448 1844 500 1890 tx.
551 1819 642 1890 dam
658 1819 845 1914 proxima
864 1818 1136 1914 proeterlapsa
1159 1817 1281 1888 inieras
1299 1831 1403 1912 post
1422 1819 1596 1890 Kotkelli
1621 1845 1756 1929 necent.

136 1953 328 2026 Proximo
350 1975 436 2024 cere
448 1953 608 2042 fratres
634 1951 781 2022 Oinous
805 1963 923 2048 atque
952 1949 1181 2022 Tnorlsikus
1205 1972 1420 2026 conuenere.
1467 1951 1615 2022 Oinous
1636 1973 1757 2044 roga-

138 2087 202 2160 vit
226 2097 373 2160 utrum
388 2081 655 2156 Tltorieikus
641 2105 684 2152 in
703 2105 776 2155 sua
803 2082 904 2157 oilla
926 2103 1160 2172 permanere
1183 2080 1456 2154 constituisset.
1532 2063 1773 2155 Thorleikus

107 2278 111 2295 ,
138 2217 368 2312 respondit:
393 2238 433 2288 se
451 2236 542 2286 asra
559 2235 797 2288 mansurum.
828 2213 974 2286 Olaous
990 2213 1113 2284 dixit:
1136 2211 1220 2310 Ego
1238 2235 1326 2284 aero
1341 2224 1389 2298 te,
1406 2214 1590 2308 cognate!
1615 2237 1757 2308 rogare
1811 2303 1817 2310 ι

84 2427 87 2434 κ
136 2349 274 2436 volui„
297 2359 342 2418 ut
358 2368 499 2444 genere
517 2345 670 2420 uisendi
687 2356 918 2442 permutato
940 2343 1261 2440 peregrinarere5
1293 2355 1336 2415 tu
1353 2368 1448 2414 sane
1466 2345 1601 2438 magni
1618 2346 1756 2415 existi-

80 2551 83 2560 ,
136 2479 298 2554 mabere
315 2478 680 2572 quocunqveeenies.
723 2478 870 2550 Verum
883 2501 953 2572 ego
967 2499 1110 2566 vereor,
1133 2501 1181 2547 ne
1191 2488 1364 2570 patruus
1378 2489 1509 2548 noster
1527 2479 1568 2548 in
1592 2463 1757 2572 negotiis
1779 2467 1789 2480 “

136 2626 268 2684 tecum
286 2635 325 2680 se
344 2597 492 2703 injuria
510 2607 695 2705 affectum
716 2621 865 2698 reatur,
882 2632 950 2679 nec
972 2608 1071 2680 milii
1085 2609 1261 2704 amplius
1275 2609 1414 2704 placet
1432 2607 1504 2680 ltoc
1516 2610 1756 2704 periclitari,

135 2741 207 2844 qvi
222 2739 392 2836 futurus
409 2739 463 2810 'sit
486 2762 616 2848 rerum
637 2747 814 2828 evenias,
848 2739 884 2808 si
902 2752 1033 2812 vestra
1057 2739 1290 2812 habitacula
1314 2743 1412 2812 adeo
1436 2737 1511 2812 stoi
1532 2736 1758 2840 propinqo'a

135 2879 235 2953 sint.
287 2874 442 2970 Magna
454 2873 591 2946 Hruto
601 2875 803 2970 potentia,
823 2871 923 2966 filiis
938 2886 1069 2946 autera
1085 2875 1213 2946 muita
1230 2876 1289 2948 eis
1308 2869 1346 2946 ἃ
1360 2873 1620 2964 vehementia,
1645 2872 1683 2947 &
1697 2901 1757 2948 me

136 3033 241 3082 sane
257 3005 434 3080 existimo
455 3005 609 3098 magnis
625 3005 859 3098 implicitum
875 3003 1171 3098 difficultatibus
1181 3018 1351 3100 propter
1369 3007 1756 3100 consanguinitatem,

45 3113 49 3122 ¹
136 3145 178 3216 si
207 3140 309 3212 inter
325 3159 392 3207 vos
415 3148 604 3234 cogitatas
623 3157 726 3234 meas
751 3135 1002 3234 contentiosa
1026 3136 1121 3208 lites
1141 3137 1335 3234 oriantur.
1393 3139 1620 3232 Tlsorleiius
1638 3107 1756 3211 dixit:
1804 3163 1826 3206 ·.

137 3297 226 3348 uon
242 3269 548 3365 hocegoqoidem
565 3289 710 3366 uereor,
723 3289 770 3333 ne
786 3266 943 3334 Hrutus
959 3279 1031 3334 aut
1047 3265 1245 3358 illiasfilii
1262 3279 1397 3346 memet
1414 3269 1662 3362 opprimaat3
1691 3295 1758 3339 nec

128 3416 358 3506 propterea
376 3366 674 3496 peregrinoior,
699 3375 831 3469 verum
850 3384 883 3464 si
903 3408 957 3486 tu,
978 3397 1165 3500 cognate!
1197 3396 1269 3468 icoo
1286 3421 1420 3492 magni
1413 3397 1546 3468 ducis
1563 3397 1757 3489 interesse,

136 3535 219 3610 tibi
237 3532 410 3638 sancero
427 3531 531 3602 dieto
547 3505 731 3636 audiens,
759 3539 839 3598 tum
854 3529 956 3598 enirn
971 3527 1115 3621 optime
1129 3551 1216 3598 mea
1234 3527 1532 3619 conditionesui
1544 3543 1757 3618 contentus,

135 3686 232 3742 cum
255 3663 371 3760 'apud
386 3671 538 3734 exteros
552 3657 761 3754 versabar5
787 3657 825 3731 e't
840 3633 988 3755 'qnidam
1005 3647 1095 3731 ‘scio'
1114 3671 1151 3731 te
1168 3681 1262 3756 erga
1278 3659 1412 3754 filium
1434 3683 1559 3730 meum
1582 3661 1759 3734 Bellium

135 3813 256 3900 quemi
272 3797 442 3868 omnium
461 3793 689 3866 mortalium
712 3789 936 3886 plurimum
958 3785 1100 3888 diligo,
1148 3793 1259 3863 haud
1272 3793 1401 3864 minus
1424 3791 1633 3888 benignum
1648 3792 1755 3886 sore,

136 3935 179 4008 ss·
205 3953 274 4026 ego
286 3929 431 4023 procui
448 3925 583 4002 absim.
638 3926 790 4001 otacus
801 3925 926 4002 alsia,
965 3937 1061 4002 tune
1079 3926 1229 4020 aridem
1247 3937 1293 4000 ¹tu
1311 3925 1429 4021 liujus
1450 3949 1579 3999 causae
1596 3924 1667 3998 tibi
1686 3923 1760 3998 ho-

136 4085 243 4137 nam
257 4069 414 4154 partem
430 4055 673 4152 vindicasti„v
689 4055 727 4124 ‚si
744 4056 801 4127 ita
809 4055 946 4150 socies
960 4057 1027 4154 ¹uti
1043 4079 1111 4152 ego
1135 4067 1171 4128 te
1188 4056 1338 4150 rogavi.
1398 4057 1482 4152 Ego
1501 4057 1646 4152 quidem
1665 4082 1759 4138 oon-

136 4189 264 4287 etitui
283 4187 400 4258 talem
411 4185 727 4284 postaaoBoliio
744 4183 919 4263 exhibere
936 4185 1122 4289 animum,
1147 4188 1295 4282 qualem
1312 4186 1375 4256 illi
1390 4186 1577 4260 hactenus
1591 4188 1759 4274 exhibui,

136 4347 220 4404 neo
243 4321 356 4393 ilium
376 4319 472 4390 meis
482 4315 587 4411 filiis
606 4317 830 4420 inferiorem
855 4313 1006 4388 habere.
1059 4318 1204 4387 Postea
1213 4317 1369 4407 fratres
1385 4319 1509 4390 multo
1524 4343 1610 4392 oum
1630 4347 1762 4394 autore

138 4443 409 4532 discedebant.
435 4447 588 4522 Deinde
604 4447 830 4534 Ziiorleikus
837 4445 992 4539 fundos
1009 4471 1099 4518 suos
1117 4449 1291 4520 vendidit
1304 4451 1515 4546 pecuniam
1526 4446 1760 4548 peregrina-

137 4583 498 4678 tioniimpendens.
512 4579 616 4652 Navi
625 4578 772 4668 deinde,
787 4581 1226 4676 quainDb‘gurdarneso
1235 4593 1323 4652 erat
1332 4581 1534 4670 subducta,
1550 4602 1762 4677 compara·
1869 4585 1880 4604 ⁸

140 4735 211 4804 ta,
224 4735 376 4808 cumque
386 4713 534 4810 ipiead
542 4713 616 4781 iter
622 4713 886 4782 omninoesset
889 4725 1162 4808 praeparatus,
1176 4713 1310 4786 norim
1320 4739 1405 4786 cum
1420 4737 1540 4786 uxore
1552 4728 1664 4810 atque
1677 4735 1761 4783 ons-

143 4845 419 4946 nifamulitio
434 4844 677 4932 conscendit,
707 4845 852 4936 fausto
868 4867 961 4918 usus
976 4847 1127 4942 itinere,
1151 4859 1339 4922 autumno
1356 4847 1412 4918 ad
1429 4846 1665 4942 Noroegiam
1681 4868 1762 4940 ap-
