4256 5730
906 545 1001 632 268

144 802 313 872 dolorem
327 801 647 896 possesustinere
661 824 729 872 nec
745 800 1037 872 exhortationes
1052 800 1204 870 matris.
1260 801 1505 890 Vindictam,
1533 803 1654 901 inquit
1662 811 1762 878 Bot-

140 935 231 1018 lius,
245 945 422 1027 expetere
432 935 618 1022 volumus,
633 947 669 1005 et
679 931 788 1004 nobis
788 933 878 1026 jam
876 931 1081 1024 fratribus
1090 945 1244 1004 tantum
1254 957 1349 1008 sune
1356 934 1541 1012 estrchur
1549 942 1693 1028 oetcitis,
1717 955 1760 1012 ut

137 1064 247 1136 nobis
255 1067 368 1160 apud
383 1078 542 1136 coeteros
553 1067 681 1162 culpoe
685 1065 875 1158 futurum
894 1063 965 1148 sit,
989 1066 1023 1134 si
1035 1067 1147 1138 haud
1160 1068 1431 1138 sustulerimus
1446 1071 1637 1166 manus*).
1690 1076 1758 1146 Se-

135 1211 267 1292 querite
276 1199 448 1269 dieinter
460 1199 1241 1296 TitargilsumacGudrunamcolioqvium
1251 1213 1378 1271 ortum
1387 1213 1459 1292 est,·
1477 1203 1669 1274 Gudruna
1680 1232 1755 1296 aic-

135 1332 762 1427 temtalemsermonemingreesa:
785 1330 979 1425 comperio
987 1330 1148 1426 quidem,
1170 1333 1206 1403 T
1201 1333 1394 1428 horgilse!
1416 1333 1756 1426 rnecsfiliosistam

133 1462 292 1556 quietern
312 1461 423 1533 haud
439 1463 614 1557 amplius
624 1463 802 1558 perpeti,
830 1463 909 1535 nisi
918 1465 1081 1558 qoaesita
1091 1465 1226 1559 aliqva
1230 1477 1416 1560 paternae
1433 1467 1551 1536 catu
1569 1468 1755 1557 vindicta,

133 1595 177 1664 id
184 1605 314 1664 autem
323 1595 511 1666 hactenus
514 1567 991 1691 potissimummoroefuit,
1017 1597 1119 1690 qood
1132 1595 1756 1670 HarleiiusacBolliusmilziin-

88 1802 93 1813 ,
120 1727 273 1816 santili
291 1739 409 1798 aetate
428 1728 505 1800 visi
520 1741 612 1801 sunt
628 1731 684 1800 ad
697 1729 820 1799 cedes
831 1731 1128 1822 perpetrandas
1146 1729 1363 1816 huminum,
1402 1729 1475 1798 etsi
1503 1731 1589 1800 istis
1612 1733 1653 1802 in
1674 1757 1755 1802 me-

58 1933 63 1938 ,
129 1859 298 1929 moriam
314 1859 507 1931 revocatis
523 1861 648 1931 multo
662 1873 756 1932 ante
775 1861 1122 1956 temporemaxime
1141 1886 1239 1958 opus
1251 1861 1389 1951 fuerit.
1449 1861 1679 1957 Tiicrgilsus
1690 1889 1753 1934 re-

129 1991 313 2086 spondit.-
343 2017 428 2062 eam
443 1991 489 2062 ob
505 2015 668 2064 causam
693 1993 769 2062 isac
791 1994 839 2064 de
855 2015 898 2062 re
913 1964 1059 2061 mecum
1086 1993 1189 2088 loqui
1213 1993 1324 2062 haud
1353 1993 1425 2062 tibi
1443 2017 1541 2087 opus
1555 2006 1630 2082 est,
1658 1999 1755 2090 qued

129 2135 223 2193 was
236 2123 334 2192 mttn
352 2124 516 2218 nuptiae
533 2122 689 2193 omnino
708 2123 911 2218 denegasti
918 2147 933 2211 ,-
958 2145 1091 2192 oerum
1107 2135 1237 2193 tamen
1253 2127 1387 2194 eadem
1408 2125 1538 2207 ornnia
1557 2125 1656 2194 milti
1664 2129 1754 2220 jam

128 2257 282 2326 suntin
294 2255 438 2340 animo,
464 2235 576 2352 atqve¹
594 2237 715 2326 antec
725 2247 857 2346 suere,
885 2251 1118 2350 qvando'itis
1136 2255 1183 2325 de
1200 2251 1447 2327 rebuslocuti
1461 2243 1621 2328 sumus'
1648 2259 1754 2328 Nam

127 2389 164 2459 si
185 2402 274 2458 tuas
293 2389 457 2483 nuptias
475 2411 694 2484 consequor,
715 2387 826 2464 naut
842 2411 938 2459 sane
952 2411 1024 2485 ego
1042 2385 1265 2458 detrectabo
1281 2387 1479 2484 singulum
1496 2392 1661 2485 aliquem
1682 2403 1754 2459 cut

124 2525 206 2592 duo
215 2519 374 2617 quidem,
400 2521 465 2615 qvi
472 2521 748 2594 Bottitcoectem
752 2520 1188 2616 proximeuceedebunt,
1203 2522 1355 2594 emedio
1366 2523 1512 2593 toliere.
1557 2523 1752 2594 θυάηιιια
1857 2613 1864 2624 ι

124 2653 250 2724 dixit:
275 2649 326 2723 at'
335 2675 403 2746 ego
420 2653 568 2746 quidem
582 2653 781 2742 arbitror,
814 2653 1062 2727 Thorleikum
1079 2655 1234 2726 nulium
1249 2677 1352 2748 uque
1374 2655 1658 2750 opnoenientem
1673 2656 1752 2726 du*

117 2811 206 2890 'cem
222 2785 426 2878 judicare,
457 2785 492 2854 si
518 2786 711 2856 audacius
737 2785 902 2882 aliquod
910 2786 1081 2880 sacinus
1105 2785 1394 2880 suscipiendum
1413 2787 1475 2856 sit.
1532 2787 1612 2858 Nec
1640 2788 1753 2858 iilum

122 2919 343 3006 celandum,
371 2920 468 3012 qvod
475 2919 591 3010 pueri
600 2918 796 3010 Hetgtum,
822 2915 1194 3010 Hardbeinifilium,
1212 2919 1539 2989 immanentiilum
1548 2919 1750 3007 hominem,

121 3053 186 3146 qvi
205 3049 440 3118 Siorrudali
449 3047 678 3136 familiaris
699 3049 756 3116 rei
771 3070 907 3117 curam
923 3049 1049 3142 gerit,
1074 3050 1135 3117 nil
1150 3049 1249 3116 maii
1265 3060 1457 3137 metuens,
1490 3051 1646 3120 adoriri
1664 3066 1752 3120 sta-

120 3181 285 3254 tuerint.
343 3177 572 3270 Tliorgilsus
599 3163 720 3248 discit:
763 3157 875 3248 haud
900 3201 969 3272 ego
986 3177 1091 3248 ittuct
1112 3201 1224 3260 curo,
1254 3189 1386 3248 utrum
1407 3181 1577 3273 IIelgius
1595 3206 1649 3250 an
1666 3185 1750 3252 alio

119 3313 281 3385 nomine
295 3323 469 3402 uocetur3
495 3309 606 3380 aaut
619 3287 721 3380 enim
739 3325 849 3378 meus·
861 3310 963 3381 vires
978 3319 1145 3401 superat
1158 3309 1344 3401 Helgium
1363 3331 1432 3377 nec
1444 3311 1610 3403 aliquem
1625 3314 1749 3381 aliurn

119 3445 301 3542 aggredi.
351 3441 404 3516 Et
418 3468 444 3512 a
461 3467 546 3514 mea
565 3443 713 3537 quidem
726 3453 847 3537 parte
865 3441 942 3511 tun
957 3441 1004 3514 de
1020 3463 1065 3511 re
1078 3441 1179 3510 satis
1194 3437 1451 3510 deliberatum
1466 3454 1526 3512 est
1534 3463 1560 3524 ,·
1590 3445 1625 3510 ti
1636 3467 1749 3537 prae-

118 3577 297 3651 sentibus
308 3575 574 3650 testibusmiizi
579 3576 1132 3670 promittestenncmucerem
1132 3572 1340 3662 suturam,
1366 3572 1751 3646 sivindictamsimut

120 3739 212 3784 cum
227 3713 304 3781 tuis
307 3710 412 3806 filiis
424 3721 722 3804 perpetravero.
756 3708 950 3812 Gudruna
971 3706 1084 3796 dixit,
1111 3728 1150 3776 se
1163 3703 1292 3772 omnia
1304 3707 1747 3802 servaturamfcreprc-

104 3813 247 3916 missa
267 3867 313 3914 oc
326 3856 472 3940 pacta,
499 3841 657 3912 etiamsi
669 3842 793 3936 pauci
818 3853 933 3912 testes
947 3837 1237 3910 adhiberentur.
1268 3810 1391 3906 'Hoec
1412 3836 1538 3932 itaque
1563 3851 1656 3910 rata
1669 3842 1748 3932 Ju-

119 3992 220 4047 tura
238 3975 459 4068 affirmauit.
514 3974 708 4042 Gudruna
724 3974 950 4043 Haldorum
970 3973 1080 4042 iilius
1091 3971 1247 4054 socium,
1273 3967 1594 4064 suosqvestiioseo
1614 3977 1748 4044 uocari

105 4107 253 4206 jussit.
317 4103 546 4198 Thorgilsus
571 4085 745 4196 rogavit.
784 4119 827 4174 ut
849 4103 1190 4200 Ornoisusqvoqve
1218 4103 1489 4172 adduceretur.
1553 4105 1747 4178 Gudruua

117 4243 166 4312 iet
172 4249 327 4333 praeter
336 4236 601 4310 necessitatem
605 4234 699 4328 fieri
714 4211 928 4329 affirmavit
937 4263 951 4328 ,·
985 4236 1084 4308 milti
1101 4241 1214 4322 enim,
1234 4233 1368 4329 inquit,
1390 4223 1648 4328 Ornoififides
1664 4243 1749 4310 ati-⁴

80 4367 85 4374 ’
117 4351 268 4470 avanto
287 4369 503 4465 suspectior
518 4381 592 4455 est,
620 4391 732 4463 qvam
749 4368 820 4438 tibi
840 4393 926 4440 eam
946 4395 1027 4456 esse
1043 4371 1249 4465 comperio.
1310 4367 1538 4463 Titorgiisus
1551 4369 1667 4463 hujus
1690 4374 1748 4442 rei

117 4505 290 4576 liberum
304 4505 339 4576 ei
346 4501 531 4579 concessit
540 4501 761 4585 arbitrium.
814 4481 1130 4594 tomsmtrce-ce
1155 4502 1385 4596 Titorgiisus
1402 4503 1635 4574 Gudrunam
1652 4528 1746 4575 con-

113 4649 329 4726 venerunt,
352 4637 561 4708 Heldorus
574 4634 695 4704 etiam
710 4637 896 4731 colloquio
914 4637 1109 4728 interfuit.
1160 4636 1253 4708 lam
1276 4635 1469 4706 Gudrunu
1492 4636 1583 4704 illos
1602 4637 1745 4722 docuit,

121 4769 379 4862 Thorgilsum
389 4766 620 4862 promisisse
633 4765 757 4874 liujus
767 4769 1024 4862 expeditionis
1041 4771 1174 4839 ducem
1180 4767 1285 4860 fieri
1303 4791 1351 4835 ac
1366 4767 1572 4860 Helgium,
1598 4767 1742 4837 Hard-
1842 4761 1868 4870 ἰ

25 4963 29 4972 .
116 4899 228 4973 licini
236 4900 396 4989 silium,
421 4899 538 4969 simui
552 4923 636 4970 cum
655 4901 852 4989 suissiliis
866 4902 1030 4997 aggredi
1043 4903 1098 4973 uti
1112 4901 1238 4973 Bottia·
1255 4897 1676 4990 coedemulciscendam,
1704 4903 1746 4972 id

167 5065 202 5132 *)
228 5077 251 5120 ⁰²
272 5063 308 5123 δι’
329 5063 478 5146 hocopus
497 5085 558 5125 non
576 5067 815 5146 aggrediamur.
