4282 5714
835 553 1049 674 *ge-

125 799 196 878 ote.
256 803 352 878 Tum
376 803 566 886 Unuurc:
590 798 673 892 boc,
701 795 839 899 inquit,
867 797 967 872 mibi
985 799 1181 898 imprimis
1196 815 1285 875 erat
1294 805 1562 902 propositum,
1579 821 1625 882 ut
1647 819 1757 910 nupa

127 937 226 1010 etate
247 951 356 1010 tuum
377 935 597 1010 convivium
616 933 734 1028 fleret
764 934 834 1007 sub
859 934 977 1028 finem
1006 935 1123 1032 hujus
1154 939 1329 1029 metatie3
1349 942 1563 1040 'tamenim
1583 941 1756 1035 facilli-

5 1143 7 1152 ,
125 1095 185 1142 me
205 1071 339 1143 omnia
353 1069 578 1166 apparatui
594 1069 818 1141 necessaria
836 1081 1122 1164 comparantur
1128 1094 1142 1163 ,·
1174 1069 1247 1142 boc
1264 1072 1409 1168 quippe
1430 1075 1485 1144 od
1500 1075 1758 1171 conjectantie

125 1203 351 1299 opinionem
356 1202 538 1298 proxime
550 1202 718 1294 accedit,
734 1201 842 1296 sore,
858 1213 903 1274 ut
921 1203 1047 1274 noetri
1061 1185 1181 1275 amici
1200 1216 1282 1276 tum
1297 1229 1444 1300 magna
1462 1231 1549 1277 cum
1562 1207 1754 1279 multitu-

126 1335 220 1406 dine
236 1335 491 1424 conveniunt,
525 1335 713 1406 hocenim
734 1335 954 1409 concivium
972 1335 1071 1411 milri
1089 1338 1270 1409 ultimum
1291 1339 1578 1434 apparabitur.
1646 1339 1756 1411 Tunc

130 1469 304 1542 Olorue:
327 1468 517 1564 pulchre,
551 1468 699 1565 inquit,
724 1469 841 1559 dicio,
869 1493 1001 1544 verum
1017 1494 1104 1540 eam
1120 1471 1246 1542 coium
1262 1473 1400 1543 ducere
1416 1497 1574 1544 uxorem
1597 1473 1639 1544 in
1658 1472 1755 1544 ani·-

125 1625 190 1671 mo
204 1568 280 1691 eet,'
301 1625 386 1696 qeae
404 1612 525 1672 tenec
546 1599 693 1696 opibus.
702 1625 773 1673 nec
788 1603 1029 1675 auctoritate
1036 1601 1183 1698 privet.
1236 1603 1382 1676 Eadem
1400 1617 1590 1676 autumno
1601 1605 1753 1676 Olaeue

124 1735 272 1808 Feiban
291 1732 500 1825 Adfdieam
522 1734 636 1804 duxit
659 1757 830 1808 uxorem.
891 1736 1087 1832 Nuptiale
1107 1737 1328 1816 convivium
1353 1736 1547 1824 Hvammi
1574 1735 1754 1807 celebro-

125 1876 221 1936 tum.
282 1867 448 1939 Unnurc
474 1867 623 1938 multae
647 1893 740 1966 opee
765 1855 944 1942 concivio
967 1867 1237 1963 impendebat,
1263 1869 1408 1966 quippe
1425 1892 1510 1964 qvae
1531 1869 1752 1963 complures

122 1999 233 2070 eir-oe
256 1997 405 2069 nobiles
426 2021 474 2069 ex
504 1999 672 2072 diversio
700 2001 922 2096 regionibus
939 2001 996 2072 ad
1016 2001 1304 2089 ceincitueee13
1333 1999 1490 2094 fratree
1508 2023 1644 2094 nempe
1661 2021 1753 2074 suae

120 2130 313 2226 ijrnem
326 2141 442 2225 atqve
453 2131 644 2225 Helgium
659 2131 810 2226 Bjolan
823 2135 880 2202 ad
894 2155 933 2202 ee
948 2130 1137 2213 evocavit,
1163 2131 1228 2224 qvi
1246 2154 1389 2222 magno
1404 2129 1594 2202 comitatu
1608 2127 1754 2224 etipati

123 2261 329 2332 advenere.
380 2260 440 2332 Eo
455 2284 602 2356 qaoque
618 2264 724 2333 venit
738 2261 981 2332 Dalakollue
991 2283 1113 2356 gener
1128 2260 1238 2330 illiue
1249 2258 1460 2356 (Unnuroe)
1478 2257 1516 2332 b(
1526 2261 1688 2332 Hbrdue
1708 2285 1755 2334 ex

123 2390 390 2480 Hordadalo,
421 2389 610 2486 multique
633 2392 710 2462 alii
734 2404 954 2488 magnates.
1003 2392 1137 2463 Hocce
1151 2393 1371 2464 convivium
1384 2417 1532 2488 magna
1554 2391 1755 2464 bominum

120 2523 352 2620 frequentia
368 2518 678 2596 concelebratum
691 2537 762 2617 eet,
787 2501 862 2596 etei
873 2525 1049 2598 homines
1068 2527 1193 2597 multo
1210 2526 1433 2621 pauciores,
1454 2548 1570 2624 qvam
1586 2529 1754 2600 Unnurn
1791 2508 1798 2524 ’

126 2667 382 2746 evocaverat,
413 2665 697 2752 convenerunt3
731 2655 895 2754 longum
913 2659 1017 2731 enim
1038 2671 1126 2730 erat
1153 2659 1230 2730 iter
1247 2659 1586 2756 Eyfjbrdensibue.
1656 2659 1754 2732 Tum

127 2800 305 2860 ceneotue
322 2791 527 2861 Uanurcm
543 2802 750 2887 tantopere
766 2791 944 2887 urgebat,
966 2804 1121 2864 utente
1140 2793 1340 2864 meridiem
1358 2818 1437 2865 uon
1454 2806 1641 2890 surgeret,
1661 2819 1753 2866 ma-

6 2943 8 2984 :
129 2934 218 2992 ture
234 2942 325 2992 cero
339 2920 417 2994 iret
435 2921 625 3017 cubitum3
660 2923 806 2996 nemini
820 2948 900 2996 eece
912 2924 1143 2996 concubendi
1159 2924 1210 2996 ab
1224 2951 1267 2998 eo
1286 2939 1459 3022 tempore
1478 2925 1645 3020 vesperi,
1680 2951 1752 3022 qvo

128 3054 343 3126 dormitum
359 3055 433 3127 ivit
447 3058 504 3127 ad
515 3055 618 3126 illud
633 3081 760 3152 neqve,
785 3081 858 3154 qvo
874 3050 1043 3130 vectibus
1057 3081 1097 3127 ee
1114 3043 1313 3146 induebat,
1339 3058 1620 3156 unqecmfecit
1639 3061 1753 3154 copi-2

126 3211 197 3259 am
204 3202 229 3278 3·
245 3185 365 3282 eiqoie
381 3188 496 3259 illam
512 3189 560 3260 de
575 3189 817 3260 valetudinis
836 3200 946 3260 etatu
962 3190 1237 3284 interrogaret,
1253 3215 1331 3262 non
1340 3189 1602 3286 respondebat
1612 3189 1755 3286 abeqve

130 3319 417 3414 indignatione.
468 3321 559 3391 Hoc
574 3321 637 3391 die
662 3321 829 3390 Unnura
849 3321 989 3390 lectum
1004 3319 1132 3395 tenuit
1148 3322 1265 3391 colito
1282 3314 1662 3416 aliquantodiutiue,
1682 3343 1753 3392 ce-

106 3529 108 3534 ,
130 3477 220 3526 rum
236 3463 368 3526 tamen
384 3461 714 3522 surrexeratante
732 3447 944 3521 aduentum
957 3449 1222 3540 convivarum,
1250 3452 1370 3546 iieqve
1389 3451 1464 3523 ivit
1474 3449 1639 3538 obviam,
1662 3452 1755 3522 ltete

130 3600 167 3662 et
176 3583 338 3658 comiter
342 3583 716 3681 propinqvoeatqve
724 3581 871 3652 amicae
888 3580 1086 3674 excipiens
1096 3583 1245 3653 amoris
1263 3582 1305 3652 in
1320 3607 1360 3652 ee
1371 3584 1642 3655 documentum
1655 3583 1752 3658 lau-'-

130 3721 246 3809 dom,
272 3717 375 3814 qvod
389 3728 545 3788 tantum
556 3713 869 3808 viaeeofuieeent
887 3715 1050 3797 emenei;
1077 3739 1150 3812 qvo
1169 3715 1323 3786 nomiae
1338 3711 1430 3812 (ait)
1441 3715 1625 3808 ijrnem
1637 3730 1754 3812 atqve

129 3849 319 3948 Helgium
333 3873 536 3946 nuncup03
563 3848 741 3946 oobieqoe
752 3846 937 3936 omnibus,
952 3851 1220 3945 qootqvotbuc
1233 3823 1462 3937 advenistie',
1484 3850 1751 3946 gratiaeago,·

133 3987 275 4063 deirzde
293 3985 459 4064 Unnura
479 3983 731 4054 coenaculum
745 4005 891 4075 magno
910 3983 1111 4052 bominum
1133 3993 1243 4052 coetu
1267 3981 1421 4074 etipatc
1448 3981 1753 4077 ingrediebatur.

137 4121 231 4194 stom
252 4141 343 4213 cero
366 4115 618 4186 coenaculum
639 4113 815 4188 convivio
839 4113 1008 4208 undique
1033 4114 1224 4204 refertum
1242 4125 1358 4202 emet,
1385 4113 1458 4186 boe
1475 4103 1603 4186 omnes
1620 4118 1756 4188 admi-

137 4252 220 4324 rati
228 4301 240 4341 ,
266 4261 415 4348 quanta
430 4272 517 4320 cum
533 4245 826 4344 magnificentia
839 4247 881 4316 id
891 4246 1111 4318 convivium
1122 4245 1391 4318 instauratum
1406 4259 1517 4319 esset.
1555 4251 1650 4320 Tum
1671 4253 1757 4322 Un-
1804 4327 1810 4338 .

138 4409 263 4460 nura:
286 4383 420 4480 fotjus
431 4383 489 4455 rei
504 4395 620 4455 teetee
632 4383 817 4478 ij‘rnem
823 4379 1002 4472 fratrem
1008 4387 1027 4468 ,'
1045 4379 1251 4475 Helgium‚
1275 4359 1757 4481 atqueabiospropinqeoe

136 4531 253 4618 atque
270 4517 417 4589 amicae
435 4529 604 4605 nostroe,
629 4485 842 4611 compello:
867 4513 969 4611 qvod
984 4512 1099 4586 hocce
1115 4513 1357 4584 domicilium
1379 4515 1457 4584 tali
1474 4516 1583 4612 qeali
1593 4517 1679 4605 jam
1690 4519 1754 4589 ei-

136 4651 240 4726 'detie
256 4659 466 4748 apparatu
483 4661 668 4740 ornatum
687 4649 813 4723 olavo
827 4641 996 4743 cognato
1011 4671 1094 4720 meo
1106 4646 1149 4718 in
1163 4671 1305 4718 manue
1318 4649 1455 4733 trado,
1482 4648 1524 4720 in
1532 4649 1755 4742 possessio-

139 4792 356 4884 'nem'atqve
366 4795 616 4880 potestatem.
667 4783 750 4855 Hic
764 4783 893 4874 dictio,
925 4785 1091 4854 Unnura
1105 4779 1301 4876 surgebat,
1327 4779 1440 4875 idque
1455 4753 1672 4850 cubiculum
1693 4805 1757 4854 ee-

142 4943 180 4992 ce
195 4919 402 4992 adituram
419 4917 522 4992 dixit
537 4918 605 4991 ubi
617 4917 785 4990 dormire
803 4917 965 5003 coleret,
992 4938 1137 5012 rogans
1155 4925 1200 4985 ut
1218 4912 1375 5010 qeieqee
1388 4935 1432 4982 eo
1442 4922 1616 4983 uteretur
1628 4912 1762 5034 oblec-¹
