4262 5722
850 468 1056 628 Α

150 753 316 826 Galeam
332 753 874 852 aureammultieqaegemmie
887 751 1114 826 distinctam
1125 755 1256 853 capite
1266 771 1425 855 gestare
1437 759 1617 856 videbar3
1640 789 1764 839 meum
1839 729 1843 740 Ι

146 886 220 957 izoc
233 911 315 958 eece
324 888 517 960 cimelium
533 889 657 962 vicum
671 901 741 980 eet,
766 889 809 964 id
818 911 908 997 aer-o
924 887 1092 964 maxime
1111 889 1249 980 obesse,
1263 896 1361 990 qaod
1375 894 1644 970 nimiumeecet
1653 893 1763 992 pon·
1809 967 1813 975 ,
1901 951 1905 962 .

144 1020 239 1106 due,
281 1021 347 1094 eiu
361 1022 463 1096 enim
481 1022 585 1094 banc
601 1023 763 1118 galeam
787 1021 978 1094 sustinere
1002 1023 1123 1121 potui
1145 1019 1183 1094 8(
1206 1039 1329 1122 caput
1349 1027 1450 1100 mibi
1475 1029 1762 1116 declinabatur,

143 1174 213 1222 nea
231 1162 362 1224 tamen
379 1153 452 1226 bac
471 1157 602 1250 galeae
627 1156 725 1229 vitio
749 1154 961 1248 vertebam,
1001 1181 1070 1229 nec
1089 1157 1201 1228 illam
1217 1158 1415 1231 demittere
1430 1160 1669 1251 statuebam,
1692 1133 1760 1235 ae-¹

141 1305 231 1354 rum
256 1309 277 1354 e
306 1287 438 1384 capite
467 1288 510 1359 in
539 1287 845 1386 Hameffibrdum
873 1289 1035 1380 decidit,
1088 1303 1237 1390 tumqve
1258 1315 1279 1362 e
1303 1315 1435 1386 camno
1450 1294 1635 1398 ¹incitata
1662 1319 1757 1366 curn.

144 1417 287 1488 Omnia
294 1419 386 1514 jam
403 1419 475 1491 tibi
489 1419 574 1492 dici
590 1419 754 1494 comnia.
806 1421 883 1504 Ille
899 1422 1122 1516 respondit:
1155 1441 1250 1497 eane
1265 1423 1404 1496 borum
1428 1425 1663 1498 somniorum
1686 1451 1759 1500 ra·
1803 1487 1809 1498 .

142 1549 286 1622 tionem
303 1551 396 1623 bene
405 1555 619 1650 perspicio,
643 1577 780 1628 aerum·
792 1555 1002 1624 admodum
1018 1553 1093 1626 cibi
1108 1557 1250 1628 cimilia
1267 1556 1338 1628 tibi
1353 1557 1547 1630 uidebitur
1559 1559 1759 1654 explana·-

142 1685 217 1770 tio,
244 1711 339 1758 nam
365 1689 500 1758 eadem
516 1689 609 1780 sere
629 1691 786 1760 ratione
810 1679 941 1759 omnia
969 1687 1268 1783 interpretabor.
1336 1691 1512 1779 Qvatuor
1542 1692 1614 1762 tibi
1643 1705 1758 1764 erunt

138 1819 299 1905 mariti,
337 1833 376 1890 et
396 1820 526 1915 utique
549 1821 664 1892 creda
689 1831 725 1890 te
745 1821 877 1916 primo
899 1833 1050 1914 praeter
1079 1833 1190 1892 tuam
1212 1823 1452 1896 voluntatem
1477 1823 1669 1903 elocatum
1693 1824 1756 1918 iri,

139 1951 325 2050 siquidem
346 1953 513 2023 cidarim
530 1950 717 2048 magnam
740 1953 874 2060 capite
890 1966 1049 2048 gestare
1056 1975 1376 2052 parumqveeam
1392 1956 1593 2031 convenire
1609 1956 1766 2026 comni·

139 2083 258 2175 abac,
285 2085 454 2178 ideoqve
472 2085 586 2155 illum
597 2107 748 2182 parum
764 2081 1469 2182 diliges&quandoquidemcidarime
1480 2088 1757 2182 capitecubla-

139 2228 224 2286 tam
245 2214 287 2286 in
309 2237 448 2309 aquam
465 2216 692 2310 projecieti,
718 2215 769 2285 ab
786 2215 858 2287 leoc
873 2216 958 2288 viro
975 2240 1071 2288 eane
1086 2215 1235 2311 abibic,·
1267 2220 1308 2290 in
1325 2243 1435 2289 mare
1452 2219 1552 2290 enim
1562 2219 1758 2316 projicere

140 2371 234 2444 apae
251 2345 453 2434 dicuntur,
475 2345 538 2441 qvi
557 2349 711 2417 eaedem
731 2347 788 2416 ita
805 2345 1013 2442 abjiciunt,
1045 2361 1091 2418 ut
1107 2349 1213 2420 nibil
1231 2372 1309 2444 pro
1325 2351 1409 2422 illie
1426 2352 1633 2445 recipiant.
1684 2351 1757 2422 Se-

57 2509 61 2518 ’
139 2479 309 2551 cundum
326 2478 625 2568 erateamnium‚
647 2479 745 2574 qvod
760 2493 986 2578 argenteum
1003 2481 1195 2551 annulum
1212 2505 1333 2555 manu
1341 2497 1499 2579 geetare
1518 2483 1588 2554 tibi
1601 2484 1686 2555 vica
1705 2510 1754 2559 ee.

143 2613 242 2684 Tum
257 2609 469 2682 alteriairo
479 2613 700 2704 pree-stanti
716 2590 925 2703 edocebere,
952 2615 1066 2685 illum
1083 2615 1252 2684 multum
1267 2616 1419 2712 diliges,
1433 2640 1565 2690 verum
1578 2639 1654 2710 per
1669 2617 1755 2688 eai-

135 2767 258 2842 guum
280 2755 432 2838 tempue
456 2743 568 2814 illiue
590 2745 861 2818 coneaetudine
866 2745 1026 2836 fruere,
1049 2748 1272 2823 necmirum
1295 2747 1394 2820 mibi
1412 2747 1616 2838 uidebitur,
1634 2748 1669 2818 ei
1688 2749 1755 2820 im

141 2876 337 2972 tibiaque
361 2848 643 2972 submergetur:
687 2901 756 2948 nec
769 2879 897 2974 plura
916 2859 962 2948 in
979 2877 1053 2950 boc
1074 2881 1223 2954 comnia
1246 2879 1409 2976 reperio.
1474 2881 1647 2953 Tertium
1667 2879 1756 2988 'erat
1805 2907 1810 2914 ·

140 3007 213 3080 tibi
227 3008 436 3092 somnium,
468 3011 567 3102 qaod
584 3031 748 3078 aureum
767 3011 959 3080 annulum
982 3035 1104 3080 manu
1119 3027 1278 3106 gestare
1302 3011 1373 3082 tibi
1392 3013 1592 3106 videbare,
1628 3007 1755 3110 itaque
1861 3011 1866 3018 ’
1891 2997 1897 3007 ’

139 3139 282 3212 tertius
296 3139 372 3208 erit
390 3138 461 3208 tibi
478 3139 558 3228 vir,
594 3133 663 3206 nec
683 3139 752 3208 ille
771 3150 884 3209 tanto
900 3140 1028 3236 magio
1045 3142 1321 3229 oeetimandue,
1355 3155 1497 3240 qvanta
1515 3145 1587 3214 boc
1606 3150 1754 3217 metal-

139 3273 223 3344 lum
244 3269 316 3341 tibi
339 3271 474 3340 rariue
491 3281 529 3338 et
546 3267 679 3338 ca'riue
694 3270 817 3340 cisum
834 3281 902 3338 eet.
958 3273 1000 3343 V
997 3295 1105 3340 erum
1122 3271 1195 3342 boc
1214 3273 1367 3344 divinat
1381 3273 1549 3361 animus,
1567 3289 1648 3345 turn
1664 3301 1752 3348 mo-

138 3429 227 3478 rum
247 3403 405 3496 factam
420 3402 510 3498 jam
536 3421 617 3470 ecee
643 3399 918 3490 mutationem,
951 3411 1064 3498 atqve
1085 3399 1188 3472 bunc
1212 3415 1321 3472 tuum
1335 3389 1522 3472 maritum
1539 3429 1623 3477 eum
1639 3383 1775 3481 acce·-¹

132 3539 246 3634 pieac
265 3536 396 3625 ritum,
424 3556 528 3630 qvem
544 3556 616 3604 nae
632 3503 756 3604 multo
773 3531 970 3604 meliorem
982 3555 1031 3602 ac
1040 3533 1348 3606 excellentiorem
1352 3535 1630 3632 judicabimus.
1670 3544 1753 3616 Ve-

137 3693 228 3740 rum
243 3667 493 3738 u'biannuiue
512 3665 584 3736 tibi
602 3665 777 3738 dieeilire
794 3663 913 3754 aicue,
939 3665 1139 3759 etquidem
1154 3665 1288 3764 aliqva
1305 3680 1482 3761 exparte
1491 3683 1660 3767 propter
1674 3675 1753 3746 mi-

139 3825 215 3874 nue
232 3813 427 3872 attentam
443 3821 590 3888 curam,
617 3810 655 3868 et
657 3793 853 3892 fractura
871 3797 1095 3892 eangainern
1113 3799 1311 3874 emittens:
1342 3821 1432 3876 reor
1445 3801 1548 3874 bunc
1564 3805 1753 3892 maritum

141 3933 415 4006 obtruncatum
437 3933 506 4014 iri,
550 3942 699 4026 tumque
727 3942 763 4000 te
778 3929 923 3999 multoe
933 3931 1160 4025 perspicere
1176 3931 1293 4027 liujus
1307 3934 1551 4006 matrimonii
1567 3936 1752 4026 defectus,

139 4063 281 4138 rebare.
306 4061 466 4156 Jamque
479 4062 534 4129 sic
543 4059 753 4153 pergebat:
772 4072 951 4156 quartum
966 4073 1075 4131 tuum
1084 4065 1273 4134 samnium
1283 4078 1383 4154 erat,
1396 4069 1494 4161 qaod
1505 4069 1663 4162 galeam
1676 4094 1754 4140 au-

140 4219 249 4267 ream
262 4193 490 4290 gemmicqae
505 4191 734 4260 distinctam
751 4192 882 4284 capite
899 4189 971 4260 tibi
986 4205 1145 4287 gestare
1156 4183 1359 4286 ¹videbare,
1391 4198 1577 4296 hujusque
1592 4201 1754 4273 nimium

138 4327 471 4426 eeneietipondue.
502 4317 672 4414 Quartae
690 4323 817 4418 itaque
831 4320 902 4392 tibi
915 4311 1085 4397 maritus
1093 4321 1221 4417 terit&
1237 4329 1507 4424 illedignitate
1521 4307 1667 4428 paidom
1684 4361 1754 4407 cu-

136 4483 298 4554 premue
320 4471 358 4530 et
381 4459 488 4530 velut
513 4459 682 4555 quadam
703 4452 871 4550 agiam)
897 4468 933 4527 te
954 4460 1123 4530 maxime
1142 4459 1332 4532 cohibebit
1346 4457 1433 4558 (tibi
1451 4467 1527 4538 erit
1545 4465 1702 4561 terrare)
1716 4463 1763 4558 bt,

138 4619 406 4637 Μ

189 4700 219 4781 *)
238 4703 352 4760 Sensus
377 4701 499 4778 acidam
524 4717 631 4760 eccum
660 4700 790 4778 ’'AEgie’f
804 4699 1096 4781 e”A,etetej‹tmr·’
1117 4710 1241 4772 omnino
1264 4712 1398 4780 similis,
1429 4711 1569 4788 quamvis
1591 4726 1651 4764 non
1672 4695 1772 4766 uitat

207 4841 216 4850 ,
277 4783 405 4838 diversa
426 4783 632 4840 derie’atianie
649 4785 752 4850 ratio,
774 4785 882 4842 saltem
907 4789 954 4842 ita
978 4799 1110 4864 apparet
1132 4794 1247 4849 nostrie
1269 4789 1464 4870 temporibue.
1509 4793 1653 4864 Namque
1668 4786 1764 4846 nobie

270 4867 346 4938 jam
350 4865 456 4942 placet
473 4882 573 4922 vocem
582 4861 831 4941 ''AEgiebjdlmr‘''
842 4867 985 4927 derivare
993 4867 1033 4929 ab
1041 4869 1169 4951 ''agia'’
1179 4874 1262 4954 qvod
1275 4887 1386 4932 terrere
1393 4865 1758 4949 siguificat&”bjcilni¹³.'

1528 4985 1565 5056 R
