4272 5728
1139 377 1234 460 4ίο

389 645 568 698 errorum
586 643 839 720 paganorum
860 619 902 696 in
924 621 1097 696 maribus
1117 624 1329 694 multorum
1352 619 1553 696 hominurn
1570 634 1824 720 superessent.
1895 624 2000 695 Olim

392 757 458 828 liic
472 779 554 828 mos
577 757 680 830 inter
696 759 798 830 ciros
804 759 937 852 sortes
940 757 1112 852 foedera
1128 757 1177 829 de
1196 769 1335 856 mutuo
1354 759 1504 828 ultione
1520 771 1739 852 pangentes
1759 757 2001 844 incaluerat,

392 901 438 962 ui
455 891 536 962 tritt
553 889 703 964 lomina
718 895 883 990 cespitia
893 891 1075 984 juraturi
1091 888 1275 962 subirent.
1335 891 1406 962 lta
1429 915 1520 962 cero
1542 915 1626 960 mos
1648 890 1721 956 iste
1744 901 2002 982 comparatus

394 1035 503 1108 erut,
538 1033 584 1094 ut
602 1033 681 1094 tres
699 1027 862 1121 cespites
877 1027 1016 1120 longos
1039 1023 1250 1112 caderem,
1279 1047 1439 1120 qaorum
1462 1023 1730 1096 extremitates
1748 1045 1878 1092 omnes
1891 1021 2003 1090 humi

393 1151 606 1250 affigerent,
615 1169 851 1230 curvaturas
867 1181 957 1230 cero
975 1155 1035 1227 ita
1050 1155 1263 1243 elevarent,
1282 1173 1328 1230 ut
1343 1183 1408 1232 eos
1421 1159 1536 1230 itomo
1560 1153 1689 1226 moise
1700 1167 1848 1248 posset.
1879 1155 2002 1224 Hunc

392 1283 515 1358 ritum
534 1285 769 1384 iiorgeirus
785 1301 823 1364 et
843 1289 1083 1363 tuorumve
1102 1289 1224 1360 secuti
1244 1293 1368 1362 sunt!

592 1421 694 1495 lloec
707 1423 919 1518 descriptio
944 1435 1040 1518 apte
1053 1423 1258 1517 conspirat
1287 1449 1374 1495 cum
1397 1425 1482 1496 loco
1503 1423 1768 1520 precedent&
1799 1432 2003 1516 proeterea

395 1551 488 1626 iude
502 1553 687 1626 discimus
708 1577 908 1628 numerum
927 1555 1116 1650 cespitum
1142 1557 1362 1629 ternarium
1385 1583 1523 1656 qvoqve
1553 1559 1596 1629 in
1618 1557 1783 1649 saedere
1813 1553 2005 1624 sodalitio

389 1685 727 1784 jungendosuisse
743 1685 975 1760 adhibitum.

592 1817 767 1892 Eundem
784 1821 944 1918 denique
964 1843 1108 1894 morem
1122 1823 1295 1920 respexit
1315 1837 1435 1898 autor
1466 1822 1715 1922 narrationis
1731 1821 1936 1916 sabulosoe
1956 1821 2009 1894 de

401 1945 631 2024 storsteiuo
656 1953 698 2028 V
695 1953 818 2048 ikingi
828 1951 933 2048 filio,
951 1953 1223 2050 juramentum
1244 1959 1476 2030 sodalitium
1501 1957 1565 2028 isis
1604 1955 1732 2032 corbis
1767 1953 2010 2027 describens.-

396 2083 691 2176 ''pcirviikrudu
707 2107 768 2158 scr
783 2085 888 2158 blods
907 2085 1065 2178 tlosum,
1090 2089 1267 2188 okgeago
1284 2091 1635 2181 undirtndsrmen,
1646 2090 1695 2161 ok
1708 2089 1799 2160 sdro
1814 2099 1883 2176 por
1896 2087 2009 2180 cyda,

399 2213 676 2312 sthsmkyldi
710 2241 846 2292 snners
867 2219 998 2310 belna,
1038 2217 1078 2290 ci
1090 2221 1212 2295 nokkr
1236 2225 1364 2311 peina
1389 2225 1475 2317 πάι
1505 2222 1593 2296 med
1623 2245 1788 2316 vopnom
1814 2220 1948 2313 veginn
1974 2239 2009 2286 a:

398 2347 622 2446 sanguinem
637 2373 749 2424 suum
766 2375 813 2424 ex
830 2353 928 2426 colis
944 2351 1177 2446 elicuerunt,
1202 2357 1331 2428 tamen
1349 2355 1554 2451 coepitium
1577 2355 1799 2444 subierunt,
1831 2365 1868 2427 et
1884 2353 2012 2442 jura-

396 2495 568 2558 meutum
600 2483 885 2584 prostiterunt.
946 2485 1010 2560 De
1033 2499 1172 2560 mutua
1197 2489 1364 2577 uitione,
1394 2489 1430 2560 si
1463 2489 1659 2564 alteruter
1682 2500 1806 2561 morte
1833 2486 2013 2561 uiolenta

396 2615 589 2710 periisset.

596 2749 739 2824 Plures
765 2749 862 2844 ioci,
896 2747 1094 2848 inquibus
1116 2753 1260 2828 mentio
1278 2755 1402 2850 sacta
1423 2769 1482 2830 est
1497 2757 1615 2856 hujus
1631 2753 1931 2845 consuetudinis,
1962 2753 2014 2826 in

397 2877 569 2980 antiquis
585 2879 836 2954 litandorum
852 2885 1108 2957 munumentio
1134 2885 1245 2958 nobis
1263 2887 1375 2959 haud
1397 2903 1659 2962 occurrerunt.
1719 2888 1896 2962 Solennis
1912 2911 2014 2958 vero

398 3011 467 3086 ille
488 3013 649 3088 luminis
667 3013 822 3112 coepitii
841 3039 935 3088 usus
958 3027 1041 3088 tam
1060 3007 1262 3092 arotecum
1279 3021 1559 3118 superstitione
1576 3047 1746 3121 pagana
1764 3033 1851 3095 erat
1863 3045 2014 3114 nexus,

398 3157 443 3218 ιιι
462 3143 762 3224 Christianismo
787 3161 826 3224 et
846 3163 1000 3250 recepto
1026 3165 1064 3225 et
1077 3149 1244 3248 firmato
1269 3179 1347 3229 nou
1367 3159 1544 3254 potuerit
1562 3181 1640 3232 non
1656 3157 1697 3231 in
1715 3154 2016 3232 desumudinem

397 3275 517 3358 abire.
