4282 5714
826 489 829 497 ’
934 469 988 544 tx

851 604 1082 624 m

166 731 231 823 ris
263 744 440 840 essent,
472 742 520 820 et
546 718 738 846 quidem
767 747 797 808 a
825 717 948 814 viflis
980 716 1274 840 atiqvantum
1290 730 1525 815 remotae.’'
1580 727 1632 818 Ρ.
1647 751 1753 834 2281

18 875 20 890 ’
167 877 321 965 ”Tum
369 875 423 960 in
460 865 597 962 Dalis
619 891 622 898 “
645 862 832 959 nullum
873 861 1108 990 templum
1147 886 1249 958 erat
1280 845 1613 966 exstructum.”
1698 878 1755 974 ln

168 1014 500 1144 Genealogiis,
565 1040 684 1137 quas
711 1032 880 1106 noster
909 1040 1045 1106 more
1073 1006 1373 1106 Islandorum
1400 1015 1546 1112 solito
1580 1016 1757 1115 identi-

163 1159 279 1256 'dem
321 1158 480 1275 offert,
541 1154 827 1254 offendimus
859 1190 908 1285 p.
949 1181 1033 1262 229
1053 1159 1325 1252 -Eisteinum
1367 1159 1428 1254 ab
1470 1193 1600 1256 anno
1644 1187 1753 1270 1161

166 1307 590 1434 archiepiscopum
630 1299 888 1420 Nidrosiae,
949 1324 1080 1432 etp.
1118 1326 1202 1411 333
1243 1303 1476 1400 Ketillum
1513 1309 1754 1430 abbatem,
1860 1341 1864 1354 ·

154 1457 248 1579 -qvi
279 1451 340 1546 ab
371 1473 643 1554 annom!
673 1453 979 1562 monasterio,
1001 1445 1348 1578 Helgafellensi
1375 1451 1580 1576 praefuit.
1636 1459 1755 1582 Duo

163 1597 335 1694 saitem
376 1618 628 1695 stemmata
662 1626 712 1724 p·
756 1621 840 1700 120
875 1618 923 1690 et
955 1629 1005 1721 p.
1036 1618 1127 1706 ,333
1167 1619 1376 1721 quatuor
1415 1604 1756 1728 generationes
1835 1721 1838 1728 ι

162 1767 417 1844 recensent
456 1743 571 1838 inde
610 1775 641 1840 a
679 1741 835 1836 Bollio
870 1739 1013 1835 Bollii
1047 1738 1172 1860 filio,
1233 1746 1385 1874 cujus,
1403 1775 1480 1840 res
1515 1767 1657 1876 gestae
1694 1743 1758 1844 ad
1920 1782 1926 1789 ·

163 1889 349 1986 calcem
398 1891 612 1986 historia
653 1912 830 1984 nostroe
878 1908 1181 2003 enarrantur3
1244 1911 1415 1986 caetera
1454 1921 1571 2012 vero
1615 1915 1758 1990 stem·

158 2059 294 2133 mata
320 2040 552 2132 maturius
583 2033 820 2130 desinunt
1355 2135 1358 2146 ,
1735 2141 1738 2148 ,
1849 2017 1851 2024 ⁴

269 2199 273 2206 '
360 2182 439 2272 De
469 2185 690 2306 regione,
758 2182 811 2266 in
840 2203 934 2302 qva
959 2175 1367 2270 historianostra
1392 2179 1754 2309 fuitconfecta,

159 2321 314 2420 multo
355 2325 551 2430 brevior
579 2327 669 2418 erit
698 2323 978 2446 disputatio.
1038 2322 1192 2412 Totus
1224 2324 1454 2438 nimirum
1483 2344 1555 2418 est
1585 2348 1756 2422 auctor

154 2475 215 2564 in
241 2469 385 2566 rebus
413 2473 557 2568 unius
586 2471 762 2595 gentis,
821 2469 979 2560 unius-
995 2486 1197 2582 tractus,
1259 2467 1553 2588 enarrandis.
1629 2475 1756 2596 Tam

159 2637 385 2712 accurate
426 2635 473 2710 et
508 2619 653 2714 situm
688 2613 938 2728 locorum,
998 2633 1047 2715 et
1083 2614 1295 2726 rationes
1338 2617 1567 2734 itinerum
1596 2639 1752 2744 notat,

158 2784 259 2856 tam
273 2758 448 2856 *vivide
482 2757 711 2896 describit
742 2781 898 2854 totum
925 2759 1198 2878 hominum,
1239 2791 1358 2886 qvos
1389 2783 1582 2894 agentes
1611 2765 1757 2862 indu-

158 2911 247 3024 cit,
278 2905 524 3024 ¹habiturn,
548 2928 613 3010 ,ut
639 2937 714 3000 res
746 2891 850 3000 non
877 2903 1037 3000 solum
1062 2910 1244 3031 patrias
1273 2905 1536 3038 sedetiam
1563 2909 1755 3039 gentili·

157 3058 249 3148 tias
278 3057 486 3180 posteris
512 3050 766 3156 mandasse
794 3049 1034 3168 videatur3
1070 3055 1173 3176 qvis
1202 3083 1318 3170 vero
1350 3051 1432 3148 ille
1459 3051 1629 3183 fuerit,
1657 3087 1754 3154 nos

161 3189 361 3294 omnino
403 3197 532 3292 latet.
615 3195 865 3291 ¹Nonnulli
907 3197 1101 3321 quidem
1138 3219 1527 3318 autumaverunt,
1580 3205 1753 3328 Arium

156 3342 475 3452 Multiscium‚
542 3344 754 3462 primum
796 3343 922 3430 inter
966 3339 1184 3430 Islandos
1231 3346 1542 3466 scriptorem,
1603 3343 1750 3466 hujus

159 3517 348 3616 qvoqve
377 3481 489 3574 libri
519 3499 767 3574 auctorem
794 3475 1014 3594 fuisse*),
1045 3475 1134 3570 sed
1160 3481 1241 3572 vix
1267 3478 1368 3572 ullu
1398 3477 1493 3572 alia
1511 3479 1571 3576 de
1590 3513 1749 3596 causa,

156 3635 253 3728 nisi
269 3681 274 3694 ·
293 3623 424 3756 qvod
461 3627 603 3723 Arius
643 3643 836 3742 atavum
881 3618 1108 3716 habuerit
1144 3623 1462 3746 Thorkelem,
1527 3627 1752 3726 ultimum
1846 3615 1852 3624 ’

34 3845 40 3856 -
159 3773 403 3874 Gudrunae
422 3773 695 3876 maritum„
746 3769 849 3862 Nec
874 3769 1049 3862 mirum
1075 3799 1193 3866 sane
1220 3766 1556 3896 plerarumque
1586 3771 1648 3870 de
1675 3807 1751 3872 re·

158 3923 248 4016 bus
271 3917 516 4014 islandicis
544 3916 878 4024 uenationum
896 3935 1124 4008 auctores
1148 3912 1299 4039 plane
1330 3948 1422 4042 nos
1455 3917 1616 4042 latere.
1673 3920 1749 4018 tlh·

158 4071 309 4184 enim,
353 4068 434 4188 qvi
457 4093 537 4156 res
568 4061 806 4180 majorum
838 4079 993 4187 gestas
1021 4055 1190 4174 litteris
1220 4066 1644 4192 consignaverunt,
1689 4063 1748 4160 11-

154 4213 441 4308 brariorum.
464 4209 617 4334 magis
638 4235 796 4330 ‚quam
841 4224 1094 4324 auctorum
1126 4227 1288 4333 partes
1324 4213 1476 4340 egisse
1507 4209 1745 4346 videntur,

161 4357 276 4452 dum
302 4361 628 4471 narrationes,
672 4380 812 4476 qvas,
848 4351 1081 4446 continua
1110 4354 1344 4480 orationis
1372 4359 1496 4453 serie
1526 4387 1766 4488 compre·
1816 4359 1825 4374 '

242 4725 273 4812 ¹³)
295 4723 367 4790 Cir.
393 4719 435 4788 E.
462 4721 502 4788 C.
525 4710 694 4810 Wsrbuff
721 4713 764 4784 de
785 4715 868 4787 Ario
888 4713 1056 4787 Multisoio
1086 4717 1309 4812 antiquissimo
1334 4717 1544 4792 blandorum
1574 4723 1743 4795 historico.

291 4827 426 4894 Hernico
448 4836 529 4896 1800
549 4848 584 4916 p.
607 4834 658 4891 93.
1320 4863 1325 4872 -

1454 4884 1538 5001 'tn
