4282 5714
1138 471 1229 548 XVI

1063 607 1299 630 -ι--ι
1334 593 1341 606 “

315 783 319 790 -
389 722 488 824 vol.
518 740 558 823 4.
595 719 773 849 praefat
803 751 851 850 p.
869 725 1006 842 Vl):''
1039 718 1423 814 Laxdaelensium
1449 717 1653 814 historia
1681 719 1827 814 etiam
1856 735 1991 852 egie-

233 949 236 956 .
390 872 493 996 gia,
552 872 803 992 speciatim
849 870 986 994 prior
1021 867 1136 992 'ejus
1172 897 1308 990 pars,
1378 895 1480 993 quaa
1522 868 1577 956 in
1615 863 1836 988 plurimis
1874 873 1991 998 Eyr·

393 1013 623 1141 byggensi
656 1046 759 1106 non
787 1011 989 1108 inferior
1017 1012 1259 1108 censenda
1289 1015 1373 1104 est
1465 1013 1522 1102 In
1551 1015 1825 1142 posteriore
1853 1043 1987 1132 vero,

392 1190 492 1283 qvae
524 1156 706 1250 aBollii
724 1157 866 1251 Bollii
894 1157 983 1253 filii
1013 1163 1114 1258 vita
1144 1161 1417 1284 computari
1444 1155 1631 1282 potest,
1666 1154 1990 1286 haudp'arum

303 1396 310 1408 ,
386 1299 664 1432 degenerat,
694 1308 900 1426 maxime
928 1311 981 1397 in
1015 1301 1363 1463 Chronologia,
1397 1323 1692 1470 qvapropter
1720 1303 1851 1400 hanc
1876 1335 1990 1432 par-

384 1468 504 1544 tem
519 1451 580 1542 ab
612 1448 709 1545 alio
741 1459 938 1547 auctore
963 1453 1095 1581 post
1088 1448 1311 1544 assutam
1338 1455 1455 1542 essa
1472 1451 1737 1573 suspicor?
1963 1520 1969 1536 .

590 1599 719 1690 Huic
772 1602 833 1691 de
869 1597 1115 1695 indole&
1153 1598 1440 1690 auctoritate
1480 1589 1687 1716 historiae
1724 1512 1993 1690 L‘a'xdalen·

254 1865 257 1872 Ι
395 1743 521 1831 sium
564 1737 888 1868 disqvisitioni
918 1744 1064 1840 finem
1096 1745 1427 1871 imponimus,
1466 1709 1720 1832 ‘nondam
1749 1742 1993 1836 subsidio·

394 1914 526 2000 rum,
594 1889 763 2011 quibus
797 1894 850 1982 in
876 1894 1102 2020 praesenti
1137 1887 1353 1982 editione
1387 1885 1673 1978 edomanda
1701 1891 1784 1979 usi.
1808 1895 1989 2000 sumus,

392 2025 568 2122 lectori
603 2034 896 2130 exhibentes.
964 2033 1302 2130 ·'Ea'ndem'ac
1327 2035 1380 2122 in
1407 2031 1654 2154 prioribus
1682 2023 1992 2124 historiarum

394 2171 739 2270 islandicorum
774 2177 1096 2294 editionibus,
1155 2181 1504 2270 securisumus
1531 2174 1835 2282 methodum,
1890 2191 1994 2270 teit-

396 2339 500 2410 tum
548 2349 724 2445 nempe
762 2321 826 2413 ad
862 2321 1100 2418 Codicem
1130 2311 1533 2446 prestantissima
1575 2325 1632 2415 81·
1655 2323 1991 2446 antiquissimae

397 2485 526 2556 notae
557 2465 900 2562 concinnando
930 2475 973 2564 a
1003 2455 1352 2590 discrepantias
1381 2465 1435 2552 in
1466 2465 1651 2557 caeteris.
1677 2463 1994 2560 codicibus&

400 2611 695 2736 apographis
732 2636 1066 2731 occurrentes,
1112 2611 1281 2732 ,textui
1314 2607 1675 2735 subjungendo·
1705 2607 1996 2708 ‘Perlustra-

402 2755 462 2848 tis
501 2759 649 2883 igitur
676 2757 904 2886 subsidiis
937 2761 1275 2882 manuscriptis
1300 2757 1358 2846 'in
1390 2749 1686 2852 bibliotheca
1707 2757 1995 2884 Arna-‚Mag-

402 2929 572 3018 naeana
616 2904 797 3020 obviis,
867 2914 1040 3032 agmen
1083 2905 1263 2996 ducere
1306 2897 1452 2990 nobis
1489 2913 1607 2993 visa=
1634 2923 1705 2994 est
1741 2903 1995 3000 notissima

404 3050 449 3148 δι,
486 3042 714 3176 elegantis
754 3055 1001 3178 scriptura
1041 3045 1421 3142 membranulis
1459 3067 1539 3146 132
1568 3043 1794 3164 infolio,
1864 3077 1995 3140 com·

402 3187 564 3312 plures
609 3198 864 3288 continens
910 3197 1138 3288 historias
1182 3185 1472 3302 islandica's,
1531 3192 1657 3285 i'ntet
1700 3221 1812 3318 qvas
1855 3189 1997 3318 Viga·

208 3361 213 3368 ·
312 3386 323 3394 -
399 3331 572 3458 glumi,
636 3338 784 3467 Egilli
825 3338 1168 3470 Skallagriinii,
1233 3333 1472 3458 Fimbogii
1515 3335 1726 3456 robusti,
1793 3351 1998 3460 quorum

399 3757 404 3764 ‚
480 3751 484 3759 ,
534 3675 692 3750 ordinatu
710 3680 888 3772 redigenda
906 3689 986 3756 cst.”
1043 3683 1290 3780 lpsefl'orioeus
1309 3684 1347 3752 in
1368 3683 1473 3752 hocce
1491 3680 1615 3773 judicio
1632 3681 1772 3757 ferendo
1791 3681 1998 3756 hauddubie

537 3787 632 3855 vario
651 3786 752 3856 modo
774 3787 989 3860 hallucinatus
1008 3809 1067 3861 sat.
1130 3793 1232 3860 Ponit
1249 3812 1369 3885 nempe
1386 3785 1557 3861 Gellarem
1579 3813 1665 3861 ιιιιιο
1688 3788 1999 3881 MXXVpndecim

538 3911 643 3958 annos
673 3911 787 3962 natum
818 3892 907 3962 haud
936 3895 1090 3982 legationi
1104 3891 1273 3972 'obeunda
1297 3896 1397 3964 luisae
1415 3909 1592 3966 maturum.
1650 3895 1731 3966 *set
1753 3918 1848 3964 aanor
1862 3895 1999 3964 tutxv

533 3989 660 4072 ,Gella
683 4015 752 4066 erat
772 3996 1012 4083 duodecennis,
1025 4021 1143 4094 ‚neqve
1165 3999 1324 4083 legadone
1347 3998 1539 4088 [ungebatur
1560 3996 1619 4070 aad
1638 3997 1763 4069 obsidia
1777 3995 1861 4070 ‘loeo
1882 3996 1925 4065 ad
1941 4019 2000 4066 re-

400 4169 415 4178 „
539 4115 615 4184 geru
633 4102 842 4186 mittebatur,
885 4103 1004 4173 deinde
1017 4127 1095 4171 cum
1115 4103 1281 4174 mandato
1277 4107 1395 4192 ·,ragis
1422 4103 1507 4172 sorte
1527 4125 1603 4174 conr
1621 4099 1739 4174 littoris
1761 4107 1850 4192 ejus,
1872 4101 1915 4170 ad
1934 4128 2000 4197 pa-

411 4241 486 4259 ····
500 4246 515 4259 =·
539 4203 650 4271 ιτὶιιι
664 4230 833 4277 reversus
844 4225 928 4278 ast.
952 4211 1149 4280 .Praetcrea
1160 4210 1262 4282 sunit
1274 4207 1467 4290 Touleous,
1493 4205 1610 4280 lioctf
1592 4231 1643 4279 ,ιιι
1648 4209 1851 4288 amariora
1867 4208 2001 4276 Snorrii

485 4355 491 4364 -
536 4308 734 4394 subsistens,
779 4309 983 4382 Thorkelcm
1001 4337 1090 4384 anno
1112 4315 1248 4387 MXXV
1267 4337 1380 4400 regam
1398 4313 1536 4380 Olarum
1553 4307 1687 4395 adiisse,
1727 4296 1764 4384 ld
1785 4335 1865 4384 vero
1888 4328 2001 4430 aperte

540 4433 705 4504 repugnat
730 4417 872 4488 Snorrio
900 4420 1075 4501 asserenti,
1119 4421 1252 4512 qvod!
1230 4419 1307 4512 ·rpai
1335 4418 1506 4510 optimates
1536 4418 1572 4486 iu
1599 4405 1741 4488 litandi·
1768 4415 2003 4538 tempuscrint,

495 4563 497 4570 -
540 4511 644 4586 filios
652 4541 732 4591 vero
754 4547 830 4590 suos
849 4519 890 4588 ad
909 4547 1040 4610 rogam
1035 4522 1200 4592 miserint.
1269 4525 1310 4591 In
1328 4521 1444 4590 eadem
1466 4525 1583 4617 pagiua
1606 4523 1758 4598 Torlaeus
1780 4522 1867 4590 miro
1887 4539 2003 4588 errore

538 4617 711 4692 Gellarsm
721 4627 803 4696 Arii
826 4621 1043 4716 Polyhistoris
1073 4646 1199 4720 patrans
1222 4645 1486 4721 ιιιιιιιιριιιιιι,
1532 4626 1611 4699 lieet
1634 4627 1711 4698 satis
1730 4640 1860 4698 camut
1883 4619 2003 4700 Galle-

407 4787 412 4794 .
525 4748 618 4798 rem
637 4729 733 4816 hujus
756 4729 831 4800 Arii
853 4733 952 4802 luisse
971 4757 1069 4802 avum
1091 4751 1274 4825 paternum·
1423 4772 1425 4781 ·
