4256 5730
831 434 1051 612 Q.

116 741 454 844 sa'ctoHelgium,
487 738 892 834 Hardbeinisfilium,
929 737 1101 808 occidere
1135 737 1333 830 optimum
1355 739 1589 838 cissam,-
1623 747 1743 844 bajus

97 875 98 882 '
126 891 167 948 tu
183 876 330 972 quidem
346 897 477 951 causa
492 871 614 944 bonas
634 885 735 944 certe
745 884 886 968 partes
905 870 977 941 tibi
996 871 1233 956 vindicasti,
1262 895 1416 966 qvoeqoe
1433 875 1497 946 cel
1517 891 1637 950 anteo
1666 894 1749 952 tuu-

124 1011 164 1080 in
186 1034 256 1080 nos
275 1019 462 1102 cognatos
472 1007 626 1096 fuerint
646 1006 825 1077 consilia.
862 1005 1008 1074 Snorro
1024 999 1147 1074 dixit:
1167 1005 1302 1098 magni
1318 1005 1361 1074 id
1378 1007 1525 1096 referre
1548 1013 1740 1102 existimo,

120 1153 165 1212 ut
185 1140 381 1235 negotium
403 1163 529 1208 meum
551 1137 642 1212 bene
661 1149 1017 1234 peragaturatqae
1036 1133 1213 1233 effectum
1224 1135 1326 1229 fiat,
1361 1151 1406 1208 ut
1426 1165 1491 1211 vos
1511 1146 1670 1238 cognati
1696 1148 1738 1216 in

116 1272 296 1368 gratiam
324 1272 505 1342 rediretis
515 1296 529 1362 ,·
565 1297 634 1367 ego
659 1267 761 1342 enim
791 1289 923 1342 eorum
944 1269 1118 1341 virorum
1127 1320 1140 1356 ,
1172 1269 1394 1364 qoibuecum
1413 1271 1520 1345 vobis
1543 1279 1739 1349 contentio

119 1406 192 1494 sit,
226 1415 382 1474 tantum
413 1404 505 1475 novi
530 1404 725 1490 animum,
770 1390 814 1472 ut
838 1403 960 1472 sciam
990 1425 1053 1472 eos
1076 1381 1167 1473 bene
1189 1383 1320 1472 omnia
1349 1417 1474 1498 pacta
1499 1422 1736 1482 servaturos.

116 1533 328 1610 Haldorus
341 1521 565 1628 respondit:
599 1536 671 1604 boc
695 1534 842 1630 quidem
863 1559 932 1628 ego
948 1534 1145 1628 accipiam
1162 1536 1198 1605 si
1201 1517 1385 1626 fratrum
1404 1515 1575 1610 meorum
1591 1507 1743 1612 colon-³

118 1671 195 1744 tati
213 1669 324 1738 baud
341 1667 417 1737 erit
435 1667 730 1752 adversarium,
764 1669 892 1739 Bollii
908 1667 1049 1737 cadem
1070 1680 1186 1737 tanta
1201 1667 1363 1760 expiare
1368 1669 1540 1762 pecunia
1548 1724 1561 1760 ,
1586 1639 1735 1769 quanta

50 1828 53 1836 ’
115 1803 165 1874 ab
183 1803 234 1872 iis
247 1801 344 1874 viris
349 1800 483 1891 suerit
500 1801 727 1886 constituta,
756 1797 888 1894 qvibus
904 1799 1021 1893 bidus
1041 1799 1099 1868 rei
1117 1797 1328 1868 arbitrium
1342 1801 1516 1874 delatam
1533 1804 1595 1873 sit.
1648 1805 1734 1900 Ego

116 1960 204 2007 vero
233 1933 358 2004 omnis
382 1933 537 2026 generis
556 1955 710 2024 poenas
732 1931 884 2026 excipio
907 1952 957 2002 ac
976 1913 1180 2028 jacturam
1200 1945 1392 2023 pratoroe
1412 1915 1461 2002 ac
1483 1913 1733 2028 1Ιιαόἱίασιιίἰς

45 2071 48 2084 “
116 2071 218 2140 idem
241 2067 288 2136 de
300 2066 485 2155 fratrum
511 2061 753 2132 habitaculis
777 2059 901 2151 valet,
939 2063 982 2130 id
1005 2062 1105 2132 enim
1127 2075 1291 2157 pactum
1309 2066 1473 2158 postulo
1497 2079 1591 2136 ante
1615 2067 1732 2164 bajus

115 2203 201 2273 litis
221 2195 566 2290 dijudicationem
594 2208 710 2290 atqoe
726 2194 882 2292 quilibet
898 2193 973 2264 sibi
996 2217 1130 2264 eausoe
1148 2194 1343 2265 arbitrum
1369 2198 1530 2292 deligat.
1563 2201 1732 2273 'Srtorro

113 2332 349 2428 respondit:-
368 2329 471 2398 tolia
489 2327 581 2398 bene
596 2339 715 2422 atqve
731 2351 916 2422 generose
930 2324 1161 2422 offeruntur,
1179 2326 1349 2422 bonaqve
1361 2331 1617 2402 conditionem
1631 2333 1728 2424 fra·
1811 2339 1817 2356 '

114 2479 193 2536 tres
203 2461 412 2554 accipient,
437 2461 819 2530 simeumconsiliam
831 2460 1199 2556 alicujus'penclunt.
1250 2437 1420 2530 Domum
1434 2464 1726 2537 deindebnorro

112 2597 251 2687 rediit,
278 2594 477 2690 docuitque
481 2593 642 2684 fratres
650 2645 664 2678 ,
691 2586 735 2664 ut
754 2617 866 2663 suum
877 2575 1040 2665 cesserit
1056 2577 1277 2687 negotium,
1294 2589 1343 2664 'bs
1362 2592 1483 2666 simul
1497 2597 1659 2690 adjecit,
1688 2623 1729 2668 se

111 2753 242 2803 eorum
261 2748 423 2796 causam
439 2725 595 2797 omnino
614 2727 854 2810 relicturum,
883 2725 964 2796 nisi
976 2725 1061 2796 boec
1077 2726 1312 2818 acciperent.
1354 2718 1524 2797 'Bollias
1537 2728 1653 2824 liujus
1670 2731 1728 2799 rei

110 2867 145 2934 ei
150 2873 387 2960 potestatem
400 2858 595 2949 permisit,
621 2872 659 2927 et
678 2861 828 2952 quidem
844 2859 988 2952 inqcit:
1014 2882 1083 2952 ego
1092 2845 1379 2944 velim,·dnorro
1388 2860 1403 2928 ,Ι
1417 2872 1460 2928 ut
1476 2873 1517 2956 tu
1528 2885 1607 2953 pro
1617 2861 1728 2932 nobis

109 3001 219 3068 litem
234 2989 431 3086 dijudices.
490 2985 643 3056 Deinde
667 2989 813 3058 Snorro
830 2989 949 3055 misso
964 2987 1148 3056 Heldoro
1164 2989 1302 3054 nuntio
1318 2991 1511 3078 eumfacit
1525 2994 1724 3062 certiorem

109 3120 467 3202 reconciliationem
484 3117 738 3186 constitutam
756 3118 847 3211 jorn
866 3140 958 3200 esse,
981 3139 1138 3209 rogans,
1166 3130 1210 3185 nt
1223 3117 1401 3187 'arbitros
1420 3121 1623 3213 deligeret,
1661 3127 1733 3217 qvi·

17 3289 18 3292 ’
108 3283 236 3334 secum
253 3275 414 3324 causam
423 3249 698 3344 dijudicarent.
752 3239 960 3316 Haldorus
967 3271 1046 3340 pro
1057 3271 1097 3316 se
1112 3249 1369 3333 Steindorum,
1385 3253 1419 3318 Τ
1415 3231 1573 3334 boriali
1578 3253 1724 3344 filium,

108 3397 340 3490 Eyrensem,
375 3383 529 3476 delegit.
582 3377 931 3452 Reconciliationis
959 3391 1187 3466 concentus,
1222 3381 1282 3452 uti
1303 3381 1481 3475 Drangis
1504 3384 1544 3451 in
1571 3385 1722 3479 Sboga-
1787 3377 1791 3383 ⁵

108 3523 283 3597 stranda
304 3517 444 3610 fieret,
482 3526 657 3608 ¹quatuor
684 3511 839 3582 testatis
884 3503 1116 3605 septimanis¹
1141 3515 1421 3607 praeterlapsis
1459 3491 1721 3588 constituitur.

113 3655 362 3739 thortetkus,
414 3648 542 3720 Bollii
558 3645 694 3740 filius,
727 3615 1001 3740 Helgafellmn
1024 3644 1153 3713 rediit.
1226 3645 1287 3716 Ea
1301 3644 1435 3739 hyeme
1451 3646 1557 3716 nibil
1577 3651 1725 3720 accidit
1820 3729 1822 3732 ¹

108 3789 210 3862 noui.
280 3787 475 3878 Quumqoe
508 3781 551 3851 icl
574 3792 726 3874 tempus
762 3779 1122 3874 appropinquaret,
1157 3803 1225 3875 qvo
1259 3791 1464 3849 conventus
1489 3783 1723 3854 constitutus

107 3913 218 4006 orat,
251 3911 592 3986 SnorraAntistes
612 3934 698 3979 cum
718 3909 941 4002 otavtsttiis
968 3911 1148 3999 aduenit,
1184 3935 1268 3981 cum
1296 3909 1497 3980 comitibus
1523 3938 1723 3986 nanterum

108 4054 198 4128 XV
208 4047 471 4141 expleverunt.
529 4043 701 4113 Totidem
731 4044 850 4113 etiam
874 4068 959 4114 cum
980 4023 1407 4113 Steindoro'aclvenere.
1465 4045 1558 4114 Tam
1577 4050 1723 4118 Snorro

106 4211 157 4259 ac
173 4179 402 4254 Steindorus
425 4176 501 4244 bac
527 4173 574 4245 de
598 4197 719 4242 causa
741 4169 960 4245 deliberare
977 4197 1152 4267 coepere,
1179 4173 1337 4268 jamque
1358 4173 1440 4242 illis
1465 4187 1595 4246 ratum
1605 4181 1723 4274 judi,-

107 4323 211 4392 cium
251 4299 501 4382 consentiens.
570 4308 767 4384 Mulctarn
807 4307 945 4378 deinde
975 4283 1226 4389 constituere,
1281 4307 1353 4374 etsi
1389 4331 1458 4378 nos
1495 4309 1606 4379 baud
1638 4338 1722 4383 me.

105 4466 318 4526 moremus,
345 4451 490 4536 qvanta
507 4439 699 4530 sitsacta.
754 4441 939 4512 Relatum
955 4403 1252 4534 estpercuniam
1266 4436 1359 4508 bene
1375 4465 1453 4510 esse
1461 4447 1721 4536 persolutam,

104 4571 514 4668 servatamqvcfldem.
553 4571 602 4640 In
624 4587 814 4644 concentu
823 4569 1078 4644 Tbornecensi
1089 4571 1261 4667 pecunia
1278 4575 1487 4643 solataest.
1512 4555 1731 4646 Holdorus

102 4711 243 4792 Ballio
268 4705 462 4800 egregiam
483 4679 647 4778 clauserit
667 4707 846 4802 gladium
873 4707 1193 4804 acdSteindoras,
1239 4705 1356 4780 Olavi
1379 4707 1507 4796 filias,
1541 4709 1722 4802 clypeum
