<?xml version="1.0" encoding="UTF-8"?>
<!DOCTYPE html PUBLIC "-//W3C//DTD XHTML 1.0 Transitional//EN"
    "http://www.w3.org/TR/xhtml1/DTD/xhtml1-transitional.dtd">
<html xmlns="http://www.w3.org/1999/xhtml" xml:lang="en" lang="en">
 <head>
  <title>
</title>
<meta http-equiv="Content-Type" content="text/html;charset=utf-8" />
  <meta name='ocr-system' content='tesseract 3.04.00' />
  <meta name='ocr-capabilities' content='ocr_page ocr_carea ocr_par ocr_line ocrx_word'/>
</head>
<body>
  <div class='ocr_page' id='page_1' title='image "./laxdlasagasiveh01stifgoog_0342.png"; bbox 0 0 4256 5730; ppageno 0'>
   <div class='ocr_carea' id='block_1_1' title="bbox 854 536 1055 652">
    <p class='ocr_par' dir='ltr' id='par_1_1' title="bbox 854 536 1055 652">
     <span class='ocr_line' id='line_1_1' title="bbox 854 536 1055 652; baseline -0.005 -41"><span class='ocrx_word' id='word_1_1' title='bbox 854 536 1055 652; x_wconf 58' lang='lat' dir='ltr'>...Q</span> 
     </span>
    </p>
   </div>
   <div class='ocr_carea' id='block_1_2' title="bbox 38 778 1884 2860">
    <p class='ocr_par' dir='ltr' id='par_1_2' title="bbox 38 778 1884 2860">
     <span class='ocr_line' id='line_1_2' title="bbox 144 778 1762 878; baseline 0.001 -22"><span class='ocrx_word' id='word_1_2' title='bbox 144 781 246 856; x_wconf 86' lang='lat' dir='ltr'><em>enim</em></span> <span class='ocrx_word' id='word_1_3' title='bbox 270 781 500 856; x_wconf 75' lang='lat' dir='ltr'><em>Tborkellas</em></span> <span class='ocrx_word' id='word_1_4' title='bbox 514 783 640 878; x_wconf 82' lang='lat' dir='ltr'><em>plara</em></span> <span class='ocrx_word' id='word_1_5' title='bbox 656 781 799 874; x_wconf 80' lang='lat' dir='ltr'><em>facere</em></span> <span class='ocrx_word' id='word_1_6' title='bbox 826 779 990 871; x_wconf 84' lang='lat' dir='ltr'><em>itinera,</em></span> <span class='ocrx_word' id='word_1_7' title='bbox 1024 779 1061 850; x_wconf 78' lang='grc' dir='ltr'><em>εἰ</em></span> <span class='ocrx_word' id='word_1_8' title='bbox 1077 779 1121 850; x_wconf 85' lang='lat' dir='ltr'><em>id</em></span> <span class='ocrx_word' id='word_1_9' title='bbox 1143 778 1342 854; x_wconf 84' lang='lat' dir='ltr'><em>talimodo.</em></span> <span class='ocrx_word' id='word_1_10' title='bbox 1361 781 1455 875; x_wconf 85' lang='lat' dir='ltr'><em>fieri</em></span> <span class='ocrx_word' id='word_1_11' title='bbox 1475 797 1620 878; x_wconf 70' lang='lat' dir='ltr'><em>postet.</em></span> <span class='ocrx_word' id='word_1_12' title='bbox 1650 787 1762 864; x_wconf 76' lang='lat' dir='ltr'><em>..Ha</em></span> 
     </span>
     <span class='ocr_line' id='line_1_3' title="bbox 143 913 1763 1012; baseline 0.001 -25"><span class='ocrx_word' id='word_1_13' title='bbox 143 917 295 1012; x_wconf 83' lang='lat' dir='ltr'><em>qvidem</em></span> <span class='ocrx_word' id='word_1_14' title='bbox 320 917 431 985; x_wconf 88' lang='lat' dir='ltr'><em>baud</em></span> <span class='ocrx_word' id='word_1_15' title='bbox 460 914 537 984; x_wconf 85' lang='lat' dir='ltr'><em>cito</em></span> <span class='ocrx_word' id='word_1_16' title='bbox 562 915 753 1010; x_wconf 79' lang='lat' dir='ltr'><em>perfectae</em></span> <span class='ocrx_word' id='word_1_17' title='bbox 778 925 869 986; x_wconf 74' lang='lat' dir='ltr'><em>sant</em></span> <span class='ocrx_word' id='word_1_18' title='bbox 888 937 960 984; x_wconf 80' lang='lat' dir='ltr'><em>reo.</em></span> <span class='ocrx_word' id='word_1_19' title='bbox 1031 913 1066 983; x_wconf 88' lang='grc' dir='ltr'><em>Τ</em></span> <span class='ocrx_word' id='word_1_20' title='bbox 1062 913 1259 986; x_wconf 76' lang='lat' dir='ltr'><em>borkeliao</em></span> <span class='ocrx_word' id='word_1_21' title='bbox 1278 915 1340 986; x_wconf 82' lang='lat' dir='ltr'><em>bio</em></span> <span class='ocrx_word' id='word_1_22' title='bbox 1358 918 1524 1010; x_wconf 80' lang='lat' dir='ltr'><em>negotiis</em></span> <span class='ocrx_word' id='word_1_23' title='bbox 1541 919 1597 990; x_wconf 91' lang='lat' dir='ltr'><em>ad</em></span> <span class='ocrx_word' id='word_1_24' title='bbox 1612 921 1763 1012; x_wconf 76' lang='lat' dir='ltr'><em>ternpus</em></span> 
     </span>
     <span class='ocr_line' id='line_1_4' title="bbox 140 1043 1761 1146; baseline 0.001 -26"><span class='ocrx_word' id='word_1_25' title='bbox 140 1073 257 1144; x_wconf 77' lang='lat' dir='ltr'><em>usqve</em></span> <span class='ocrx_word' id='word_1_26' title='bbox 282 1047 619 1143; x_wconf 78' lang='lat' dir='ltr'><em>qvadragesimale</em></span> <span class='ocrx_word' id='word_1_27' title='bbox 653 1048 825 1118; x_wconf 78' lang='lat' dir='ltr'><em>intentas</em></span> <span class='ocrx_word' id='word_1_28' title='bbox 842 1043 949 1135; x_wconf 84' lang='lat' dir='ltr'><em>fait,</em></span> <span class='ocrx_word' id='word_1_29' title='bbox 991 1043 1152 1139; x_wconf 81' lang='lat' dir='ltr'><em>deniqve</em></span> <span class='ocrx_word' id='word_1_30' title='bbox 1181 1060 1311 1146; x_wconf 83' lang='lat' dir='ltr'><em>tamen</em></span> <span class='ocrx_word' id='word_1_31' title='bbox 1344 1053 1399 1120; x_wconf 90' lang='lat' dir='ltr'><em>ad</em></span> <span class='ocrx_word' id='word_1_32' title='bbox 1423 1049 1761 1142; x_wconf 84' lang='lat' dir='ltr'><em>finempordnota</em></span> 
     </span>
     <span class='ocr_line' id='line_1_5' title="bbox 138 1176 1760 1276; baseline 0.001 -25"><span class='ocrx_word' id='word_1_33' title='bbox 138 1193 243 1252; x_wconf 71' lang='lat' dir='ltr'><em>aunt.</em></span> <span class='ocrx_word' id='word_1_34' title='bbox 297 1180 430 1276; x_wconf 85' lang='lat' dir='ltr'><em>Ligna</em></span> <span class='ocrx_word' id='word_1_35' title='bbox 455 1205 480 1250; x_wconf 93' lang='lat' dir='ltr'><em>a</em></span> <span class='ocrx_word' id='word_1_36' title='bbox 504 1179 654 1252; x_wconf 86' lang='lat' dir='ltr'><em>boreali</em></span> <span class='ocrx_word' id='word_1_37' title='bbox 665 1191 787 1275; x_wconf 87' lang='lat' dir='ltr'><em>porte</em></span> <span class='ocrx_word' id='word_1_38' title='bbox 798 1177 1010 1272; x_wconf 78' lang='lat' dir='ltr'><em>plurqvam</em></span> <span class='ocrx_word' id='word_1_39' title='bbox 1034 1176 1176 1269; x_wconf 83' lang='lat' dir='ltr'><em>viginti</em></span> <span class='ocrx_word' id='word_1_40' title='bbox 1194 1182 1296 1275; x_wconf 77' lang='lat' dir='ltr'><em>oqvie</em></span> <span class='ocrx_word' id='word_1_41' title='bbox 1316 1183 1569 1276; x_wconf 79' lang='lat' dir='ltr'><em>adportavit,</em></span> <span class='ocrx_word' id='word_1_42' title='bbox 1596 1182 1638 1250; x_wconf 86' lang='lat' dir='ltr'><em>in</em></span> <span class='ocrx_word' id='word_1_43' title='bbox 1654 1183 1760 1272; x_wconf 78' lang='lat' dir='ltr'><em>Lid-</em></span> 
     </span>
     <span class='ocr_line' id='line_1_6' title="bbox 38 1287 1758 1424; baseline 0.001 -38"><span class='ocrx_word' id='word_1_44' title='bbox 38 1378 42 1386; x_wconf 90' lang='lat'><em>.</em></span> <span class='ocrx_word' id='word_1_45' title='bbox 138 1337 239 1409; x_wconf 85' lang='lat' dir='ltr'><em>eyra</em></span> <span class='ocrx_word' id='word_1_46' title='bbox 255 1327 388 1386; x_wconf 82' lang='lat' dir='ltr'><em>antem</em></span> <span class='ocrx_word' id='word_1_47' title='bbox 406 1287 607 1424; x_wconf 61' lang='lat' dir='ltr'><em>depooait.¹</em></span> <span class='ocrx_word' id='word_1_48' title='bbox 649 1313 749 1384; x_wconf 88' lang='lat' dir='ltr'><em>Inde</em></span> <span class='ocrx_word' id='word_1_49' title='bbox 770 1309 864 1383; x_wconf 83' lang='lat' dir='ltr'><em>navi</em></span> <span class='ocrx_word' id='word_1_50' title='bbox 892 1308 1003 1401; x_wconf 80' lang='lat' dir='ltr'><em>tigna</em></span> <span class='ocrx_word' id='word_1_51' title='bbox 1020 1309 1293 1404; x_wconf 85' lang='lat' dir='ltr'><em>Helgafellam</em></span> <span class='ocrx_word' id='word_1_52' title='bbox 1320 1327 1601 1409; x_wconf 64' lang='lat' dir='ltr'><em>transportare</em></span> <span class='ocrx_word' id='word_1_53' title='bbox 1625 1327 1758 1388; x_wconf 72' lang='lat' dir='ltr'><em>etatu-</em></span> 
     </span>
     <span class='ocr_line' id='line_1_7' title="bbox 137 1439 1757 1541; baseline -0.001 -23"><span class='ocrx_word' id='word_1_54' title='bbox 137 1451 237 1518; x_wconf 72' lang='lat' dir='ltr'><em>irat.</em></span> <span class='ocrx_word' id='word_1_55' title='bbox 296 1445 527 1518; x_wconf 62' lang='lat' dir='ltr'><em>Yborsteino</em></span> <span class='ocrx_word' id='word_1_56' title='bbox 551 1470 697 1541; x_wconf 85' lang='lat' dir='ltr'><em>magna</em></span> <span class='ocrx_word' id='word_1_57' title='bbox 721 1455 810 1524; x_wconf 83' lang='lat' dir='ltr'><em>erat</em></span> <span class='ocrx_word' id='word_1_58' title='bbox 840 1439 1014 1534; x_wconf 77' lang='lat' dir='ltr'><em>ooapba,</em></span> <span class='ocrx_word' id='word_1_59' title='bbox 1045 1464 1117 1535; x_wconf 81' lang='lat' dir='ltr'><em>qva</em></span> <span class='ocrx_word' id='word_1_60' title='bbox 1149 1445 1465 1530; x_wconf 75' lang='lat' dir='ltr'><em>Tborkellaonti</em></span> <span class='ocrx_word' id='word_1_61' title='bbox 1489 1446 1757 1538; x_wconf 82' lang='lat' dir='ltr'><em>constituerat,</em></span> 
     </span>
     <span class='ocr_line' id='line_1_8' title="bbox 137 1573 1758 1676; baseline -0.002 -23"><span class='ocrx_word' id='word_1_62' title='bbox 137 1603 250 1676; x_wconf 79' lang='lat' dir='ltr'><em>qvam</em></span> <span class='ocrx_word' id='word_1_63' title='bbox 267 1580 422 1648; x_wconf 85' lang='lat' dir='ltr'><em>domam</em></span> <span class='ocrx_word' id='word_1_64' title='bbox 436 1577 511 1648; x_wconf 90' lang='lat' dir='ltr'><em>iter</em></span> <span class='ocrx_word' id='word_1_65' title='bbox 524 1576 687 1672; x_wconf 77' lang='lat' dir='ltr'><em>faceret.</em></span> <span class='ocrx_word' id='word_1_66' title='bbox 731 1573 960 1646; x_wconf 68' lang='lat' dir='ltr'><em>thomellus</em></span> <span class='ocrx_word' id='word_1_67' title='bbox 973 1574 1193 1667; x_wconf 78' lang='lat' dir='ltr'><em>perferiao</em></span> <span class='ocrx_word' id='word_1_68' title='bbox 1216 1581 1406 1650; x_wconf 72' lang='lat' dir='ltr'><em>eenriales</em></span> <span class='ocrx_word' id='word_1_69' title='bbox 1422 1580 1656 1672; x_wconf 76' lang='lat' dir='ltr'><em>Liarekogie</em></span> <span class='ocrx_word' id='word_1_70' title='bbox 1681 1580 1758 1650; x_wconf 86' lang='lat' dir='ltr'><em>bo-</em></span> 
     </span>
     <span class='ocr_line' id='line_1_9' title="bbox 134 1707 1757 1808; baseline -0.001 -26"><span class='ocrx_word' id='word_1_71' title='bbox 134 1709 563 1808; x_wconf 51' lang='lat' dir='ltr'><em>spitabatnrpmagna</em></span> <span class='ocrx_word' id='word_1_72' title='bbox 585 1709 687 1780; x_wconf 87' lang='lat' dir='ltr'><em>enim</em></span> <span class='ocrx_word' id='word_1_73' title='bbox 707 1707 744 1778; x_wconf 91' lang='lat' dir='ltr'><em>ei</em></span> <span class='ocrx_word' id='word_1_74' title='bbox 760 1729 846 1776; x_wconf 84' lang='lat' dir='ltr'><em>oum</em></span> <span class='ocrx_word' id='word_1_75' title='bbox 860 1719 1026 1801; x_wconf 82' lang='lat' dir='ltr'><em>cognato</em></span> <span class='ocrx_word' id='word_1_76' title='bbox 1051 1731 1121 1778; x_wconf 76' lang='lat' dir='ltr'><em>ruo</em></span> <span class='ocrx_word' id='word_1_77' title='bbox 1148 1711 1338 1782; x_wconf 82' lang='lat' dir='ltr'><em>amicitia.</em></span> <span class='ocrx_word' id='word_1_78' title='bbox 1397 1711 1649 1782; x_wconf 76' lang='lat' dir='ltr'><em>Tboroteinns</em></span> <span class='ocrx_word' id='word_1_79' title='bbox 1671 1735 1757 1780; x_wconf 88' lang='lat' dir='ltr'><em>cnm</em></span> 
     </span>
     <span class='ocr_line' id='line_1_10' title="bbox 139 1813 1752 1939; baseline -0.002 -23"><span class='ocrx_word' id='word_1_80' title='bbox 139 1842 349 1916; x_wconf 67' lang='lat' dir='ltr'><em>themello</em></span> <span class='ocrx_word' id='word_1_81' title='bbox 368 1843 519 1914; x_wconf 77' lang='lat' dir='ltr'><em>loeutus</em></span> <span class='ocrx_word' id='word_1_82' title='bbox 539 1841 636 1914; x_wconf 88' lang='lat' dir='ltr'><em>utile</em></span> <span class='ocrx_word' id='word_1_83' title='bbox 652 1836 731 1934; x_wconf 38' lang='lat' dir='ltr'><em>eibi,</em></span> <span class='ocrx_word' id='word_1_84' title='bbox 742 1837 840 1929; x_wconf 86' lang='lat' dir='ltr'><em>fore</em></span> <span class='ocrx_word' id='word_1_85' title='bbox 861 1837 1090 1931; x_wconf 84' lang='lat' dir='ltr'><em>affirmavit,</em></span> <span class='ocrx_word' id='word_1_86' title='bbox 1108 1813 1159 1910; x_wconf 44' lang='grc' dir='ltr'><em>ἐἰ</em></span> <span class='ocrx_word' id='word_1_87' title='bbox 1173 1841 1286 1912; x_wconf 88' lang='lat' dir='ltr'><em>ambo</em></span> <span class='ocrx_word' id='word_1_88' title='bbox 1303 1842 1643 1939; x_wconf 85' lang='lat' dir='ltr'><em>Hjardarboltam</em></span> <span class='ocrx_word' id='word_1_89' title='bbox 1671 1865 1752 1914; x_wconf 85' lang='lat' dir='ltr'><em>ana</em></span> 
     </span>
     <span class='ocr_line' id='line_1_11' title="bbox 134 1968 1754 2066; baseline -0.001 -20"><span class='ocrx_word' id='word_1_90' title='bbox 134 1975 308 2046; x_wconf 89' lang='lat' dir='ltr'><em>adirent.</em></span> <span class='ocrx_word' id='word_1_91' title='bbox 338 1975 377 2046; x_wconf 89' lang='lat' dir='ltr'><em>V</em></span> <span class='ocrx_word' id='word_1_92' title='bbox 378 1973 440 2042; x_wconf 90' lang='lat' dir='ltr'><em>olo</em></span> <span class='ocrx_word' id='word_1_93' title='bbox 455 1972 570 2060; x_wconf 86' lang='lat' dir='ltr'><em>enim,</em></span> <span class='ocrx_word' id='word_1_94' title='bbox 589 1970 722 2065; x_wconf 83' lang='lat' dir='ltr'><em>inqvit,</em></span> <span class='ocrx_word' id='word_1_95' title='bbox 740 1992 880 2062; x_wconf 78' lang='lat' dir='ltr'><em>agrum</em></span> <span class='ocrx_word' id='word_1_96' title='bbox 894 1968 945 2039; x_wconf 88' lang='lat' dir='ltr'><em>ab</em></span> <span class='ocrx_word' id='word_1_97' title='bbox 958 1971 1142 2042; x_wconf 83' lang='lat' dir='ltr'><em>Haldore</em></span> <span class='ocrx_word' id='word_1_98' title='bbox 1158 1975 1358 2044; x_wconf 88' lang='lat' dir='ltr'><em>emendum</em></span> <span class='ocrx_word' id='word_1_99' title='bbox 1370 1985 1515 2066; x_wconf 84' lang='lat' dir='ltr'><em>petere,</em></span> <span class='ocrx_word' id='word_1_100' title='bbox 1533 1973 1754 2044; x_wconf 83' lang='lat' dir='ltr'><em>baadenim</em></span> 
     </span>
     <span class='ocr_line' id='line_1_12' title="bbox 135 2073 1752 2198; baseline -0.001 -22"><span class='ocrx_word' id='word_1_101' title='bbox 135 2105 201 2176; x_wconf 85' lang='lat' dir='ltr'><em>illi</em></span> <span class='ocrx_word' id='word_1_102' title='bbox 216 2106 343 2184; x_wconf 82' lang='lat' dir='ltr'><em>malta</em></span> <span class='ocrx_word' id='word_1_103' title='bbox 367 2115 460 2174; x_wconf 78' lang='lat' dir='ltr'><em>mm</em></span> <span class='ocrx_word' id='word_1_104' title='bbox 480 2113 574 2173; x_wconf 85' lang='lat' dir='ltr'><em>rata</em></span> <span class='ocrx_word' id='word_1_105' title='bbox 593 2123 714 2190; x_wconf 77' lang='lat' dir='ltr'><em>aoesa,</em></span> <span class='ocrx_word' id='word_1_106' title='bbox 737 2113 943 2196; x_wconf 77' lang='lat' dir='ltr'><em>pootqvam</em></span> <span class='ocrx_word' id='word_1_107' title='bbox 958 2101 1194 2194; x_wconf 76' lang='lat' dir='ltr'><em>Bolliifiliis</em></span> <span class='ocrx_word' id='word_1_108' title='bbox 1207 2128 1286 2198; x_wconf 91' lang='lat' dir='ltr'><em>pro</em></span> <span class='ocrx_word' id='word_1_109' title='bbox 1299 2073 1473 2198; x_wconf 77' lang='lat' dir='ltr'><em>paterna</em></span> <span class='ocrx_word' id='word_1_110' title='bbox 1498 2107 1601 2174; x_wconf 85' lang='lat' dir='ltr'><em>coede</em></span> <span class='ocrx_word' id='word_1_111' title='bbox 1622 2107 1707 2174; x_wconf 88' lang='lat' dir='ltr'><em>mal</em></span> <span class='ocrx_word' id='word_1_112' title='bbox 1727 2145 1752 2160; x_wconf 92' lang='lat'><em>-</em></span> 
     </span>
     <span class='ocr_line' id='line_1_13' title="bbox 134 2217 1753 2332; baseline -0.001 -24"><span class='ocrx_word' id='word_1_113' title='bbox 134 2250 221 2308; x_wconf 88' lang='lat' dir='ltr'><em>tam</em></span> <span class='ocrx_word' id='word_1_114' title='bbox 241 2235 368 2309; x_wconf 74' lang='lat' dir='ltr'><em>solvit.</em></span> <span class='ocrx_word' id='word_1_115' title='bbox 428 2217 614 2306; x_wconf 80' lang='lat' dir='ltr'><em>Hiovero</em></span> <span class='ocrx_word' id='word_1_116' title='bbox 639 2256 734 2328; x_wconf 84' lang='lat' dir='ltr'><em>ager</em></span> <span class='ocrx_word' id='word_1_117' title='bbox 754 2234 850 2302; x_wconf 81' lang='lat' dir='ltr'><em>talio</em></span> <span class='ocrx_word' id='word_1_118' title='bbox 879 2243 955 2322; x_wconf 78' lang='lat' dir='ltr'><em>eet,</em></span> <span class='ocrx_word' id='word_1_119' title='bbox 988 2233 1137 2330; x_wconf 83' lang='lat' dir='ltr'><em>qvalem</em></span> <span class='ocrx_word' id='word_1_120' title='bbox 1172 2259 1242 2330; x_wconf 82' lang='lat' dir='ltr'><em>ego</em></span> <span class='ocrx_word' id='word_1_121' title='bbox 1264 2237 1431 2308; x_wconf 85' lang='lat' dir='ltr'><em>maxime</em></span> <span class='ocrx_word' id='word_1_122' title='bbox 1448 2237 1652 2332; x_wconf 71' lang='lat' dir='ltr'><em>possidere</em></span> <span class='ocrx_word' id='word_1_123' title='bbox 1681 2259 1753 2308; x_wconf 88' lang='lat' dir='ltr'><em>ca-</em></span> 
     </span>
     <span class='ocr_line' id='line_1_14' title="bbox 126 2363 1751 2470; baseline -0.002 -27"><span class='ocrx_word' id='word_1_124' title='bbox 126 2393 277 2470; x_wconf 88' lang='lat' dir='ltr'><em>perem.</em></span> <span class='ocrx_word' id='word_1_125' title='bbox 307 2367 538 2439; x_wconf 78' lang='lat' dir='ltr'><em>Tborkeilao</em></span> <span class='ocrx_word' id='word_1_126' title='bbox 553 2365 670 2460; x_wconf 82' lang='lat' dir='ltr'><em>bajas</em></span> <span class='ocrx_word' id='word_1_127' title='bbox 688 2365 747 2436; x_wconf 89' lang='lat' dir='ltr'><em>rei</em></span> <span class='ocrx_word' id='word_1_128' title='bbox 766 2363 932 2436; x_wconf 84' lang='lat' dir='ltr'><em>liberam</em></span> <span class='ocrx_word' id='word_1_129' title='bbox 957 2365 993 2436; x_wconf 88' lang='lat' dir='ltr'><em>ei</em></span> <span class='ocrx_word' id='word_1_130' title='bbox 998 2365 1104 2458; x_wconf 88' lang='lat' dir='ltr'><em>fecit</em></span> <span class='ocrx_word' id='word_1_131' title='bbox 1117 2380 1367 2462; x_wconf 70' lang='lat' dir='ltr'><em>potestatem.</em></span> <span class='ocrx_word' id='word_1_132' title='bbox 1393 2369 1522 2440; x_wconf 83' lang='lat' dir='ltr'><em>Dom&#39;o</em></span> <span class='ocrx_word' id='word_1_133' title='bbox 1546 2369 1635 2440; x_wconf 89' lang='lat' dir='ltr'><em>inde</em></span> <span class='ocrx_word' id='word_1_134' title='bbox 1648 2393 1751 2462; x_wconf 87' lang='lat' dir='ltr'><em>pro-</em></span> 
     </span>
     <span class='ocr_line' id='line_1_15' title="bbox 122 2479 1884 2606; baseline -0.001 -32"><span class='ocrx_word' id='word_1_135' title='bbox 122 2501 231 2596; x_wconf 80' lang='lat' dir='ltr'><em>secti</em></span> <span class='ocrx_word' id='word_1_136' title='bbox 238 2479 397 2572; x_wconf 84' lang='lat' dir='ltr'><em>numero</em></span> <span class='ocrx_word' id='word_1_137' title='bbox 411 2497 657 2595; x_wconf 84' lang='lat' dir='ltr'><em>aliqvantam</em></span> <span class='ocrx_word' id='word_1_138' title='bbox 667 2519 792 2592; x_wconf 80' lang='lat' dir='ltr'><em>snpra</em></span> <span class='ocrx_word' id='word_1_139' title='bbox 801 2499 893 2585; x_wconf 89' lang='lat' dir='ltr'><em>XX,</em></span> <span class='ocrx_word' id='word_1_140' title='bbox 902 2497 1466 2597; x_wconf 83' lang='lat' dir='ltr'><em>Hjardarboitnmpervenere.</em></span> <span class='ocrx_word' id='word_1_141' title='bbox 1504 2501 1670 2574; x_wconf 81' lang='lat' dir='ltr'><em>Comiter</em></span> <span class='ocrx_word' id='word_1_142' title='bbox 1687 2493 1777 2572; x_wconf 76' lang='lat' dir='ltr'><em>eoe‘</em></span> <span class='ocrx_word' id='word_1_143' title='bbox 1878 2593 1884 2606; x_wconf 28' lang='grc' dir='ltr'>ι</span> 
     </span>
     <span class='ocr_line' id='line_1_16' title="bbox 131 2625 1751 2726; baseline 0 -22"><span class='ocrx_word' id='word_1_144' title='bbox 131 2625 611 2726; x_wconf 78' lang='lat' dir='ltr'><em>Haidorarexcepit,&amp;in</em></span> <span class='ocrx_word' id='word_1_145' title='bbox 624 2629 1304 2726; x_wconf 67' lang='lat' dir='ltr'><em>colloqvendofminimeparcuoerat.</em></span> <span class='ocrx_word' id='word_1_146' title='bbox 1330 2635 1450 2706; x_wconf 89' lang='lat' dir='ltr'><em>Domi</em></span> <span class='ocrx_word' id='word_1_147' title='bbox 1467 2635 1751 2718; x_wconf 75' lang='lat' dir='ltr'><em>baadmnltam</em></span> 
     </span>
     <span class='ocr_line' id='line_1_17' title="bbox 133 2759 1804 2860; baseline -0.001 -22"><span class='ocrx_word' id='word_1_148' title='bbox 133 2762 498 2844; x_wconf 85' lang='lat' dir='ltr'><em>aderatbomiaum‚</em></span> <span class='ocrx_word' id='word_1_149' title='bbox 518 2785 610 2834; x_wconf 89' lang='lat' dir='ltr'><em>nam</em></span> <span class='ocrx_word' id='word_1_150' title='bbox 619 2762 830 2834; x_wconf 80' lang='lat' dir='ltr'><em>Haldorno</em></span> <span class='ocrx_word' id='word_1_151' title='bbox 844 2786 934 2832; x_wconf 76' lang='lat' dir='ltr'><em>euos</em></span> <span class='ocrx_word' id='word_1_152' title='bbox 950 2761 1126 2834; x_wconf 84' lang='lat' dir='ltr'><em>borealia</em></span> <span class='ocrx_word' id='word_1_153' title='bbox 1148 2787 1281 2837; x_wconf 76' lang='lat' dir='ltr'><em>versuo</em></span> <span class='ocrx_word' id='word_1_154' title='bbox 1300 2768 1341 2838; x_wconf 91' lang='lat' dir='ltr'><em>in</em></span> <span class='ocrx_word' id='word_1_155' title='bbox 1354 2765 1750 2860; x_wconf 61' lang='lat' dir='ltr'><em>Steingrimdibrdam</em></span> <span class='ocrx_word' id='word_1_156' title='bbox 1801 2759 1804 2765; x_wconf 70' lang='grc'>’</span> 
     </span>
    </p>
   </div>
   <div class='ocr_carea' id='block_1_3' title="bbox 130 2881 1751 3120">
    <p class='ocr_par' dir='ltr' id='par_1_3' title="bbox 130 2881 1751 3120">
     <span class='ocr_line' id='line_1_18' title="bbox 130 2881 1751 2992; baseline -0.002 -22"><span class='ocrx_word' id='word_1_157' title='bbox 130 2899 310 2980; x_wconf 76' lang='lat' dir='ltr'><em>miserat,</em></span> <span class='ocrx_word' id='word_1_158' title='bbox 335 2895 388 2966; x_wconf 87' lang='lat' dir='ltr'><em>ibi</em></span> <span class='ocrx_word' id='word_1_159' title='bbox 407 2881 692 2982; x_wconf 56' lang='lat' dir='ltr'><em>enini‘bolaena,</em></span> <span class='ocrx_word' id='word_1_160' title='bbox 713 2917 797 2990; x_wconf 83' lang='lat' dir='ltr'><em>qvae</em></span> <span class='ocrx_word' id='word_1_161' title='bbox 818 2893 882 2964; x_wconf 89' lang='lat' dir='ltr'><em>illi</em></span> <span class='ocrx_word' id='word_1_162' title='bbox 898 2895 1000 2988; x_wconf 77' lang='lat' dir='ltr'><em>fait,</em></span> <span class='ocrx_word' id='word_1_163' title='bbox 1028 2895 1069 2964; x_wconf 89' lang='lat' dir='ltr'><em>in</em></span> <span class='ocrx_word' id='word_1_164' title='bbox 1097 2907 1244 2967; x_wconf 85' lang='lat' dir='ltr'><em>terram</em></span> <span class='ocrx_word' id='word_1_165' title='bbox 1261 2899 1383 2992; x_wconf 84' lang='lat' dir='ltr'><em>ejecta</em></span> <span class='ocrx_word' id='word_1_166' title='bbox 1409 2911 1506 2970; x_wconf 85' lang='lat' dir='ltr'><em>erat.</em></span> <span class='ocrx_word' id='word_1_167' title='bbox 1559 2899 1751 2968; x_wconf 72' lang='lat' dir='ltr'><em>Beinerat</em></span> 
     </span>
     <span class='ocr_line' id='line_1_19' title="bbox 130 3023 1750 3120; baseline -0.003 -18"><span class='ocrx_word' id='word_1_168' title='bbox 130 3029 271 3102; x_wconf 77' lang='lat' dir='ltr'><em>Fortis</em></span> <span class='ocrx_word' id='word_1_169' title='bbox 290 3030 432 3096; x_wconf 87' lang='lat' dir='ltr'><em>aderat</em></span> <span class='ocrx_word' id='word_1_170' title='bbox 447 3023 571 3108; x_wconf 87' lang='lat' dir='ltr'><em>domi,·</em></span> <span class='ocrx_word' id='word_1_171' title='bbox 600 3023 667 3092; x_wconf 86' lang='lat' dir='ltr'><em>ille</em></span> <span class='ocrx_word' id='word_1_172' title='bbox 687 3023 1054 3120; x_wconf 73' lang='lat' dir='ltr'><em>soluomortaliam,</em></span> <span class='ocrx_word' id='word_1_173' title='bbox 1078 3025 1140 3116; x_wconf 83' lang='lat' dir='ltr'><em>qvi</em></span> <span class='ocrx_word' id='word_1_174' title='bbox 1150 3027 1263 3117; x_wconf 87' lang='lat' dir='ltr'><em>apnd</em></span> <span class='ocrx_word' id='word_1_175' title='bbox 1272 3026 1618 3118; x_wconf 84' lang='lat' dir='ltr'><em>patremOlavum</em></span> <span class='ocrx_word' id='word_1_176' title='bbox 1634 3029 1750 3120; x_wconf 81' lang='lat' dir='ltr'><em>dege-</em></span> 
     </span>
    </p>
   </div>
   <div class='ocr_carea' id='block_1_4' title="bbox 131 3150 1818 4826">
    <p class='ocr_par' dir='ltr' id='par_1_4' title="bbox 131 3150 1818 4826">
     <span class='ocr_line' id='line_1_20' title="bbox 132 3150 1752 3246; baseline -0.003 -13"><span class='ocrx_word' id='word_1_177' title='bbox 132 3171 243 3244; x_wconf 86' lang='lat' dir='ltr'><em>rant,</em></span> <span class='ocrx_word' id='word_1_178' title='bbox 269 3155 399 3226; x_wconf 86' lang='lat' dir='ltr'><em>adbuo</em></span> <span class='ocrx_word' id='word_1_179' title='bbox 414 3154 455 3224; x_wconf 90' lang='lat' dir='ltr'><em>in</em></span> <span class='ocrx_word' id='word_1_180' title='bbox 481 3151 706 3244; x_wconf 76' lang='lat' dir='ltr'><em>vivirfuit.·</em></span> <span class='ocrx_word' id='word_1_181' title='bbox 742 3150 966 3246; x_wconf 76' lang='lat' dir='ltr'><em>Conspectio</em></span> <span class='ocrx_word' id='word_1_182' title='bbox 989 3151 1219 3226; x_wconf 78' lang='lat' dir='ltr'><em>Thorsteino</em></span> <span class='ocrx_word' id='word_1_183' title='bbox 1243 3181 1291 3225; x_wconf 86' lang='lat' dir='ltr'><em>ac</em></span> <span class='ocrx_word' id='word_1_184' title='bbox 1316 3155 1520 3226; x_wconf 83' lang='lat' dir='ltr'><em>Tborbello</em></span> <span class='ocrx_word' id='word_1_185' title='bbox 1539 3155 1752 3228; x_wconf 87' lang='lat' dir='ltr'><em>advenien-</em></span> 
     </span>
     <span class='ocr_line' id='line_1_21' title="bbox 131 3283 1749 3380; baseline -0.005 -15"><span class='ocrx_word' id='word_1_186' title='bbox 131 3285 669 3365; x_wconf 77' lang='lat' dir='ltr'><em>tibuoHaldoravBeineram</em></span> <span class='ocrx_word' id='word_1_187' title='bbox 693 3283 752 3353; x_wconf 89' lang='lat' dir='ltr'><em>ita</em></span> <span class='ocrx_word' id='word_1_188' title='bbox 762 3283 903 3374; x_wconf 79' lang='lat' dir='ltr'><em>sacrat</em></span> <span class='ocrx_word' id='word_1_189' title='bbox 918 3284 1137 3355; x_wconf 77' lang='lat' dir='ltr'><em>allocutae:</em></span> <span class='ocrx_word' id='word_1_190' title='bbox 1153 3311 1221 3380; x_wconf 79' lang='lat' dir='ltr'><em>ego</em></span> <span class='ocrx_word' id='word_1_191' title='bbox 1232 3287 1379 3380; x_wconf 83' lang='lat' dir='ltr'><em>qvidem</em></span> <span class='ocrx_word' id='word_1_192' title='bbox 1394 3299 1647 3380; x_wconf 80' lang='lat' dir='ltr'><em>cognatorum</em></span> <span class='ocrx_word' id='word_1_193' title='bbox 1657 3285 1749 3357; x_wconf 90' lang='lat' dir='ltr'><em>bene</em></span> 
     </span>
     <span class='ocr_line' id='line_1_22' title="bbox 131 3415 1749 3523; baseline -0.006 -27"><span class='ocrx_word' id='word_1_194' title='bbox 131 3419 337 3523; x_wconf 76' lang='lat' dir='ltr'><em>perspicio</em></span> <span class='ocrx_word' id='word_1_195' title='bbox 364 3415 570 3512; x_wconf 75' lang='lat' dir='ltr'><em>negotium,</em></span> <span class='ocrx_word' id='word_1_196' title='bbox 629 3415 702 3503; x_wconf 83' lang='lat' dir='ltr'><em>lili</em></span> <span class='ocrx_word' id='word_1_197' title='bbox 722 3425 920 3510; x_wconf 77' lang='lat' dir='ltr'><em>potentat</em></span> <span class='ocrx_word' id='word_1_198' title='bbox 940 3416 1347 3508; x_wconf 77' lang='lat' dir='ltr'><em>meamillissundum</em></span> <span class='ocrx_word' id='word_1_199' title='bbox 1372 3418 1556 3506; x_wconf 87' lang='lat' dir='ltr'><em>vendam,</em></span> <span class='ocrx_word' id='word_1_200' title='bbox 1591 3419 1692 3513; x_wconf 81' lang='lat' dir='ltr'><em>qvod</em></span> <span class='ocrx_word' id='word_1_201' title='bbox 1714 3418 1749 3487; x_wconf 78' lang='lat' dir='ltr'><em>vi</em></span> 
     </span>
     <span class='ocr_line' id='line_1_23' title="bbox 133 3544 1750 3648; baseline -0.008 -17"><span class='ocrx_word' id='word_1_202' title='bbox 133 3552 328 3642; x_wconf 77' lang='lat' dir='ltr'><em>evenerit,</em></span> <span class='ocrx_word' id='word_1_203' title='bbox 380 3574 439 3620; x_wconf 92' lang='lat' dir='ltr'><em>me</em></span> <span class='ocrx_word' id='word_1_204' title='bbox 467 3549 524 3618; x_wconf 91' lang='lat' dir='ltr'><em>od</em></span> <span class='ocrx_word' id='word_1_205' title='bbox 548 3547 778 3642; x_wconf 78' lang='lat' dir='ltr'><em>colloqvium</em></span> <span class='ocrx_word' id='word_1_206' title='bbox 803 3570 929 3620; x_wconf 75' lang='lat' dir='ltr'><em>recum</em></span> <span class='ocrx_word' id='word_1_207' title='bbox 946 3547 1159 3620; x_wconf 78' lang='lat' dir='ltr'><em>evocabant</em></span> <span class='ocrx_word' id='word_1_208' title='bbox 1183 3544 1223 3621; x_wconf 78' lang='lat'><em>8&lt;</em></span> <span class='ocrx_word' id='word_1_209' title='bbox 1246 3547 1396 3646; x_wconf 83' lang='lat' dir='ltr'><em>qvidem</em></span> <span class='ocrx_word' id='word_1_210' title='bbox 1421 3551 1562 3648; x_wconf 79' lang='lat' dir='ltr'><em>opinor</em></span> <span class='ocrx_word' id='word_1_211' title='bbox 1580 3549 1678 3618; x_wconf 83' lang='lat' dir='ltr'><em>mibi</em></span> <span class='ocrx_word' id='word_1_212' title='bbox 1694 3549 1750 3618; x_wconf 86' lang='lat' dir='ltr'><em>od</em></span> 
     </span>
     <span class='ocr_line' id='line_1_24' title="bbox 133 3679 1818 3782; baseline -0.007 -21"><span class='ocrx_word' id='word_1_213' title='bbox 133 3700 337 3782; x_wconf 80' lang='lat' dir='ltr'><em>atramqve</em></span> <span class='ocrx_word' id='word_1_214' title='bbox 371 3683 480 3752; x_wconf 77' lang='lat' dir='ltr'><em>latas</em></span> <span class='ocrx_word' id='word_1_215' title='bbox 507 3687 770 3774; x_wconf 72' lang='lat' dir='ltr'><em>conoeooaror5</em></span> <span class='ocrx_word' id='word_1_216' title='bbox 808 3679 844 3750; x_wconf 74' lang='lat' dir='ltr'><em>oi</em></span> <span class='ocrx_word' id='word_1_217' title='bbox 867 3703 955 3753; x_wconf 92' lang='lat' dir='ltr'><em>vero</em></span> <span class='ocrx_word' id='word_1_218' title='bbox 984 3703 1055 3753; x_wconf 69' lang='lat' dir='ltr'><em>me,</em></span> <span class='ocrx_word' id='word_1_219' title='bbox 1077 3681 1210 3776; x_wconf 87' lang='lat' dir='ltr'><em>aliqva</em></span> <span class='ocrx_word' id='word_1_220' title='bbox 1233 3681 1413 3754; x_wconf 82' lang='lat' dir='ltr'><em>molestia</em></span> <span class='ocrx_word' id='word_1_221' title='bbox 1447 3681 1634 3776; x_wconf 84' lang='lat' dir='ltr'><em>afficient,</em></span> <span class='ocrx_word' id='word_1_222' title='bbox 1668 3692 1750 3750; x_wconf 86' lang='lat' dir='ltr'><em>tam</em></span> <span class='ocrx_word' id='word_1_223' title='bbox 1816 3692 1818 3700; x_wconf 88' lang='lat'>&#39;</span> 
     </span>
     <span class='ocr_line' id='line_1_25' title="bbox 135 3783 1747 3908; baseline -0.007 -15"><span class='ocrx_word' id='word_1_224' title='bbox 135 3833 181 3893; x_wconf 84' lang='lat' dir='ltr'><em>ta</em></span> <span class='ocrx_word' id='word_1_225' title='bbox 200 3819 312 3891; x_wconf 82' lang='lat' dir='ltr'><em>baad</em></span> <span class='ocrx_word' id='word_1_226' title='bbox 325 3813 578 3908; x_wconf 76' lang='lat' dir='ltr'><em>supersedeas</em></span> <span class='ocrx_word' id='word_1_227' title='bbox 594 3783 1045 3896; x_wconf 78' lang='lat' dir='ltr'><em>Tborsteiimmadoriri,</em></span> <span class='ocrx_word' id='word_1_228' title='bbox 1071 3833 1139 3904; x_wconf 82' lang='lat' dir='ltr'><em>ego</em></span> <span class='ocrx_word' id='word_1_229' title='bbox 1153 3835 1243 3884; x_wconf 83' lang='lat' dir='ltr'><em>vero</em></span> <span class='ocrx_word' id='word_1_230' title='bbox 1256 3813 1504 3884; x_wconf 83' lang='lat' dir='ltr'><em>Tborkeilam</em></span> <span class='ocrx_word' id='word_1_231' title='bbox 1519 3811 1708 3906; x_wconf 83' lang='lat' dir='ltr'><em>aggredia</em></span> <span class='ocrx_word' id='word_1_232' title='bbox 1715 3833 1747 3882; x_wconf 89' lang='lat' dir='ltr'><em>r.</em></span> 
     </span>
     <span class='ocr_line' id='line_1_26' title="bbox 136 3939 1749 4042; baseline -0.004 -21"><span class='ocrx_word' id='word_1_233' title='bbox 136 3953 199 4026; x_wconf 78' lang='lat' dir='ltr'><em>Ta</em></span> <span class='ocrx_word' id='word_1_234' title='bbox 224 3946 334 4020; x_wconf 74' lang='lat' dir='ltr'><em>nobis</em></span> <span class='ocrx_word' id='word_1_235' title='bbox 352 3945 530 4040; x_wconf 78' lang='lat' dir='ltr'><em>cognatio</em></span> <span class='ocrx_word' id='word_1_236' title='bbox 538 3944 606 4012; x_wconf 88' lang='lat' dir='ltr'><em>dia</em></span> <span class='ocrx_word' id='word_1_237' title='bbox 610 3943 721 4036; x_wconf 75' lang='lat' dir='ltr'><em>fidae</em></span> <span class='ocrx_word' id='word_1_238' title='bbox 722 3944 849 4034; x_wconf 76' lang='lat' dir='ltr'><em>fuisti</em></span> <span class='ocrx_word' id='word_1_239' title='bbox 855 3939 893 4016; x_wconf 73' lang='lat' dir='ltr'><em>bt</em></span> <span class='ocrx_word' id='word_1_240' title='bbox 907 3969 976 4042; x_wconf 81' lang='lat' dir='ltr'><em>ego</em></span> <span class='ocrx_word' id='word_1_241' title='bbox 983 3944 1074 4038; x_wconf 83' lang='lat' dir='ltr'><em>jam</em></span> <span class='ocrx_word' id='word_1_242' title='bbox 1081 3945 1137 4014; x_wconf 89' lang='lat' dir='ltr'><em>ad</em></span> <span class='ocrx_word' id='word_1_243' title='bbox 1138 3945 1345 4040; x_wconf 77' lang='lat' dir='ltr'><em>proximas</em></span> <span class='ocrx_word' id='word_1_244' title='bbox 1354 3945 1475 4018; x_wconf 77' lang='lat' dir='ltr'><em>villar</em></span> <span class='ocrx_word' id='word_1_245' title='bbox 1491 3945 1749 4016; x_wconf 76' lang='lat' dir='ltr'><em>misinnntioe</em></span> 
     </span>
     <span class='ocr_line' id='line_1_27' title="bbox 132 4045 1751 4174; baseline -0.006 -21"><span class='ocrx_word' id='word_1_246' title='bbox 132 4083 194 4154; x_wconf 86' lang='lat' dir='ltr'><em>ad</em></span> <span class='ocrx_word' id='word_1_247' title='bbox 208 4077 383 4149; x_wconf 73' lang='lat' dir='ltr'><em>homines</em></span> <span class='ocrx_word' id='word_1_248' title='bbox 401 4076 646 4170; x_wconf 77' lang='lat' dir='ltr'><em>colligendos.</em></span> <span class='ocrx_word' id='word_1_249' title='bbox 697 4045 752 4148; x_wconf 80' lang='lat' dir='ltr'><em>E&#39;t</em></span> <span class='ocrx_word' id='word_1_250' title='bbox 768 4098 863 4146; x_wconf 78' lang='lat' dir='ltr'><em>eane</em></span> <span class='ocrx_word' id='word_1_251' title='bbox 877 4075 1033 4162; x_wconf 80' lang='lat' dir='ltr'><em>vetlem,</em></span> <span class='ocrx_word' id='word_1_252' title='bbox 1065 4088 1110 4148; x_wconf 87' lang='lat' dir='ltr'><em>ut</em></span> <span class='ocrx_word' id='word_1_253' title='bbox 1127 4078 1255 4148; x_wconf 89' lang='lat' dir='ltr'><em>eodem</em></span> <span class='ocrx_word' id='word_1_254' title='bbox 1260 4053 1354 4170; x_wconf 80' lang='lat' dir='ltr'><em>jere</em></span> <span class='ocrx_word' id='word_1_255' title='bbox 1370 4091 1541 4174; x_wconf 86' lang='lat' dir='ltr'><em>tempore</em></span> <span class='ocrx_word' id='word_1_256' title='bbox 1557 4078 1751 4148; x_wconf 85' lang='lat' dir='ltr'><em>accideret</em></span> 
     </span>
     <span class='ocr_line' id='line_1_28' title="bbox 133 4203 1748 4312; baseline -0.004 -29"><span class='ocrx_word' id='word_1_257' title='bbox 133 4235 269 4288; x_wconf 82' lang='lat' dir='ltr'><em>eornm</em></span> <span class='ocrx_word' id='word_1_258' title='bbox 300 4209 493 4279; x_wconf 75' lang='lat' dir='ltr'><em>adventas</em></span> <span class='ocrx_word' id='word_1_259' title='bbox 533 4229 581 4276; x_wconf 84' lang='lat' dir='ltr'><em>ac</em></span> <span class='ocrx_word' id='word_1_260' title='bbox 608 4203 703 4298; x_wconf 76' lang='lat' dir='ltr'><em>finit</em></span> <span class='ocrx_word' id='word_1_261' title='bbox 741 4205 930 4302; x_wconf 83' lang='lat' dir='ltr'><em>colloqvii.</em></span> <span class='ocrx_word' id='word_1_262' title='bbox 1023 4209 1215 4312; x_wconf 79' lang='lat' dir='ltr'><em>Vergente</em></span> <span class='ocrx_word' id='word_1_263' title='bbox 1241 4221 1371 4280; x_wconf 88' lang='lat' dir='ltr'><em>autem</em></span> <span class='ocrx_word' id='word_1_264' title='bbox 1406 4211 1469 4280; x_wconf 86' lang='lat' dir='ltr'><em>die</em></span> <span class='ocrx_word' id='word_1_265' title='bbox 1495 4209 1748 4283; x_wconf 74' lang='lat' dir='ltr'><em>Tboroteinno</em></span> 
     </span>
     <span class='ocr_line' id='line_1_29' title="bbox 132 4337 1748 4446; baseline -0.005 -29"><span class='ocrx_word' id='word_1_266' title='bbox 132 4342 292 4442; x_wconf 84' lang='lat' dir='ltr'><em>rogavit</em></span> <span class='ocrx_word' id='word_1_267' title='bbox 310 4341 550 4429; x_wconf 86' lang='lat' dir='ltr'><em>Haldoram,</em></span> <span class='ocrx_word' id='word_1_268' title='bbox 576 4349 620 4408; x_wconf 84' lang='lat' dir='ltr'><em>at</em></span> <span class='ocrx_word' id='word_1_269' title='bbox 640 4361 764 4410; x_wconf 76' lang='lat' dir='ltr'><em>secum</em></span> <span class='ocrx_word' id='word_1_270' title='bbox 781 4348 896 4434; x_wconf 83' lang='lat' dir='ltr'><em>atqve</em></span> <span class='ocrx_word' id='word_1_271' title='bbox 916 4337 1121 4410; x_wconf 82' lang='lat' dir='ltr'><em>Tborkello</em></span> <span class='ocrx_word' id='word_1_272' title='bbox 1138 4339 1286 4446; x_wconf 72' lang='lat' dir='ltr'><em>veniret</em></span> <span class='ocrx_word' id='word_1_273' title='bbox 1302 4339 1358 4412; x_wconf 86' lang='lat' dir='ltr'><em>ad</em></span> <span class='ocrx_word' id='word_1_274' title='bbox 1374 4341 1616 4444; x_wconf 80' lang='lat' dir='ltr'><em>colloqviam.</em></span> <span class='ocrx_word' id='word_1_275' title='bbox 1673 4341 1748 4420; x_wconf 80' lang='lat' dir='ltr'><em>Te-</em></span> 
     </span>
     <span class='ocr_line' id='line_1_30' title="bbox 133 4464 1748 4570; baseline -0.007 -20"><span class='ocrx_word' id='word_1_276' title='bbox 133 4503 223 4549; x_wconf 85' lang='lat' dir='ltr'><em>oam</em></span> <span class='ocrx_word' id='word_1_277' title='bbox 242 4473 356 4566; x_wconf 88' lang='lat' dir='ltr'><em>enim,</em></span> <span class='ocrx_word' id='word_1_278' title='bbox 381 4473 518 4570; x_wconf 82' lang='lat' dir='ltr'><em>inqvit‚</em></span> <span class='ocrx_word' id='word_1_279' title='bbox 541 4471 651 4544; x_wconf 77' lang='lat' dir='ltr'><em>nobie</em></span> <span class='ocrx_word' id='word_1_280' title='bbox 668 4469 864 4566; x_wconf 79' lang='lat' dir='ltr'><em>negotium</em></span> <span class='ocrx_word' id='word_1_281' title='bbox 881 4481 950 4541; x_wconf 80' lang='lat' dir='ltr'><em>eet.</em></span> <span class='ocrx_word' id='word_1_282' title='bbox 1014 4471 1224 4544; x_wconf 75' lang='lat' dir='ltr'><em>Haldorao</em></span> <span class='ocrx_word' id='word_1_283' title='bbox 1244 4471 1318 4544; x_wconf 86' lang='lat' dir='ltr'><em>boo</em></span> <span class='ocrx_word' id='word_1_284' title='bbox 1336 4469 1428 4544; x_wconf 87' lang='lat' dir='ltr'><em>bene</em></span> <span class='ocrx_word' id='word_1_285' title='bbox 1446 4473 1521 4544; x_wconf 77' lang='lat' dir='ltr'><em>eibi</em></span> <span class='ocrx_word' id='word_1_286' title='bbox 1544 4464 1748 4570; x_wconf 82' lang='lat' dir='ltr'><em>convenire</em></span> 
     </span>
     <span class='ocr_line' id='line_1_31' title="bbox 131 4592 1746 4703; baseline -0.006 -23"><span class='ocrx_word' id='word_1_287' title='bbox 131 4605 373 4703; x_wconf 63' lang='lat' dir='ltr'><em>affirmavit„</em></span> <span class='ocrx_word' id='word_1_288' title='bbox 418 4605 669 4678; x_wconf 76' lang='lat' dir='ltr'><em>Tborrteinao</em></span> <span class='ocrx_word' id='word_1_289' title='bbox 687 4601 789 4672; x_wconf 81' lang='lat' dir='ltr'><em>dixit</em></span> <span class='ocrx_word' id='word_1_290' title='bbox 805 4602 904 4691; x_wconf 77' lang='lat' dir='ltr'><em>saio,</em></span> <span class='ocrx_word' id='word_1_291' title='bbox 936 4599 1048 4671; x_wconf 85' lang='lat' dir='ltr'><em>baad</em></span> <span class='ocrx_word' id='word_1_292' title='bbox 1071 4625 1266 4674; x_wconf 75' lang='lat' dir='ltr'><em>necessum</em></span> <span class='ocrx_word' id='word_1_293' title='bbox 1293 4628 1393 4695; x_wconf 77' lang='lat' dir='ltr'><em>esee,</em></span> <span class='ocrx_word' id='word_1_294' title='bbox 1426 4619 1471 4676; x_wconf 88' lang='lat' dir='ltr'><em>at</em></span> <span class='ocrx_word' id='word_1_295' title='bbox 1497 4605 1588 4675; x_wconf 72' lang='lat' dir='ltr'><em>illos</em></span> <span class='ocrx_word' id='word_1_296' title='bbox 1613 4592 1746 4697; x_wconf 74' lang='lat' dir='ltr'><em>oeqv&#39;e-</em></span> 
     </span>
     <span class='ocr_line' id='line_1_32' title="bbox 132 4703 1747 4826; baseline -0.006 -14"><span class='ocrx_word' id='word_1_297' title='bbox 132 4748 283 4811; x_wconf 86' lang='lat' dir='ltr'><em>rentar.</em></span> <span class='ocrx_word' id='word_1_298' title='bbox 335 4733 526 4806; x_wconf 76' lang='lat' dir='ltr'><em>Beinerur</em></span> <span class='ocrx_word' id='word_1_299' title='bbox 542 4747 672 4804; x_wconf 81' lang='lat' dir='ltr'><em>autem</em></span> <span class='ocrx_word' id='word_1_300' title='bbox 687 4703 942 4805; x_wconf 76' lang='lat' dir='ltr'><em>nibilominas</em></span> <span class='ocrx_word' id='word_1_301' title='bbox 961 4746 1114 4805; x_wconf 75' lang='lat' dir='ltr'><em>secatae</em></span> <span class='ocrx_word' id='word_1_302' title='bbox 1136 4747 1212 4826; x_wconf 75' lang='lat' dir='ltr'><em>ert,</em></span> <span class='ocrx_word' id='word_1_303' title='bbox 1238 4739 1405 4810; x_wconf 83' lang='lat' dir='ltr'><em>maltum</em></span> <span class='ocrx_word' id='word_1_304' title='bbox 1421 4739 1520 4807; x_wconf 86' lang='lat' dir='ltr'><em>enim</em></span> <span class='ocrx_word' id='word_1_305' title='bbox 1541 4734 1604 4804; x_wconf 85' lang='lat' dir='ltr'><em>iiii</em></span> <span class='ocrx_word' id='word_1_306' title='bbox 1622 4733 1747 4805; x_wconf 79' lang='lat' dir='ltr'><em>visam</em></span> 
     </span>
    </p>
   </div>
   <div class='ocr_carea' id='block_1_5' title="bbox 131 4865 1743 5074">
    <p class='ocr_par' dir='ltr' id='par_1_5' title="bbox 131 4865 1743 5074">
     <span class='ocr_line' id='line_1_33' title="bbox 131 4865 1743 4964; baseline -0.006 -16"><span class='ocrx_word' id='word_1_307' title='bbox 131 4880 273 4948; x_wconf 83' lang='lat' dir='ltr'><em>eventa</em></span> <span class='ocrx_word' id='word_1_308' title='bbox 297 4865 530 4963; x_wconf 82' lang='lat' dir='ltr'><em>probatum,</em></span> <span class='ocrx_word' id='word_1_309' title='bbox 574 4869 674 4964; x_wconf 86' lang='lat' dir='ltr'><em>qvod</em></span> <span class='ocrx_word' id='word_1_310' title='bbox 698 4866 907 4944; x_wconf 79' lang='lat' dir='ltr'><em>Haldorao</em></span> <span class='ocrx_word' id='word_1_311' title='bbox 934 4867 1023 4964; x_wconf 86' lang='lat' dir='ltr'><em>jam</em></span> <span class='ocrx_word' id='word_1_312' title='bbox 1055 4867 1315 4944; x_wconf 85' lang='lat' dir='ltr'><em>divinaverat.</em></span> <span class='ocrx_word' id='word_1_313' title='bbox 1387 4869 1563 4941; x_wconf 82' lang='lat' dir='ltr'><em>Multam</em></span> <span class='ocrx_word' id='word_1_314' title='bbox 1587 4893 1612 4940; x_wconf 90' lang='lat' dir='ltr'><em>a</em></span> <span class='ocrx_word' id='word_1_315' title='bbox 1644 4866 1743 4940; x_wconf 86' lang='lat' dir='ltr'><em>villa</em></span> 
     </span>
     <span class='ocr_line' id='line_1_34' title="bbox 302 5000 1545 5074; baseline -0.004 5"><span class='ocrx_word' id='word_1_316' title='bbox 302 5017 308 5028; x_wconf 88' lang='lat'><em>&#39;</em></span> <span class='ocrx_word' id='word_1_317' title='bbox 1486 5000 1545 5074; x_wconf 77' lang='lat' dir='ltr'><em>So</em></span> 
     </span>
    </p>
   </div>
   <div class='ocr_carea' id='block_1_6' title="bbox 0 0 2134 5730">
    <p class='ocr_par' dir='ltr' id='par_1_6' title="bbox 0 0 2134 5730">
     <span class='ocr_line' id='line_1_35' title="bbox 0 0 2134 5730; baseline 0 0"><span class='ocrx_word' id='word_1_318' title='bbox 0 0 2134 5730; x_wconf 95' lang='lat' dir='ltr'><em> </em></span> 
     </span>
    </p>
   </div>
  </div>
 </body>
</html>
