4262 5722
837 517 1047 640 ...Q

125 783 160 844 te
180 793 258 862 rex,
275 772 349 846 sibi
363 774 531 850 donasse
543 771 689 867 primis
694 767 1045 867 prorumpentibus
1061 767 1239 842 dentibus
1249 771 1429 844 asseruit.
1458 775 1543 847 Rex
1556 777 1749 850 annulum

123 907 287 1002 accepit,
306 921 421 1003 atqve
431 900 700 978 intuebatur&
717 905 958 1004 tumquidem
976 902 1017 974 in
1035 904 1147 976 uultu
1157 905 1321 974 multum
1333 906 1496 978 erubuit.
1550 910 1656 984 Dein
1677 933 1745 980 rex

123 1037 182 1108 ita
204 1041 357 1110 locutus
376 1054 452 1112 est:
479 1064 570 1112 uera
587 1042 671 1129 bac
684 1042 797 1138 signa
813 1049 916 1127 sunt,
944 1061 1076 1110 verum
1097 1039 1208 1109 nullo
1225 1051 1347 1134 pacto
1368 1043 1532 1113 minoris
1547 1042 1742 1132 babendo,

121 1143 208 1270 ava
227 1173 268 1244 in
281 1176 391 1246 uultu
404 1187 550 1276 gestas,
568 1189 787 1248 maternum
801 1197 924 1270 genus
935 1172 1035 1242 satis
1054 1171 1287 1262 indicantia,
1304 1176 1405 1244 unde
1429 1189 1465 1246 te
1481 1177 1746 1247 sotisnoscere

123 1305 224 1377 licet.
284 1307 414 1402 Atque
428 1321 598 1402 propter
614 1309 698 1380 bac
717 1309 833 1403 signa
861 1331 956 1377 sane
980 1305 1361 1401 consongvtnitatem
1384 1321 1493 1380 tuam
1518 1331 1742 1406 agnoscam,

125 1439 259 1530 Olore,
286 1442 396 1534 cujus
411 1441 470 1510 rei
481 1456 699 1536 prasentes
715 1445 779 1515 bic
797 1441 902 1517 uiros
928 1463 1069 1530 omnes,
1094 1463 1291 1538 meumque
1308 1465 1519 1515 sermonem
1538 1443 1743 1515 audientes

120 1572 190 1667 ‘ego
210 1585 324 1645 testes
338 1571 546 1670 compello3
557 1579 808 1672 praterhac
827 1588 863 1648 te
883 1574 1090 1646 cumomni
1110 1585 1176 1645 tuo
1194 1573 1383 1646 comitatu
1398 1579 1455 1648 ad
1467 1601 1592 1650 meam
1605 1576 1743 1646 aulam

118 1705 264 1794 invito,
290 1733 421 1780 oerum
436 1721 526 1782 tuus
551 1712 673 1784 bonos
696 1714 887 1784 innitetur
901 1710 937 1781 ei
955 1709 1145 1805 opinioni,
1167 1729 1281 1804 qvam
1306 1710 1353 1782 de
1370 1721 1407 1781 te
1428 1709 1567 1780 meiius
1583 1721 1743 1806 experto

117 1840 351 1935 concipiam.
395 1843 549 1916 Deinde
563 1868 764 1941 rexeqvos,
782 1842 916 1941 quibus
935 1842 1177 1934 veherentur,
1203 1844 1350 1913 adduci
1362 1841 1539 1938 jubebat,
1566 1843 1743 1938 virosque

16 1963 17 1966 ¹
116 1972 174 2041 ad
190 1972 478 2048 subducendam
497 1979 642 2066 navim,
666 1979 901 2050 servandum
911 1953 1384 2070 apparatum(navalem)
1402 1987 1440 2046 et
1454 1999 1598 2046 merces
1610 1994 1742 2046 eorum

118 2107 314 2176 tutandas
328 2110 533 2200 disposuit.
587 2109 679 2178 Iam
697 2132 765 2178 rex
774 2108 992 2180 Dublinum
1009 2131 1102 2201 equo
1121 2119 1262 2196 vectus,
1282 2107 1462 2178 boeceero
1477 2129 1540 2178 res
1558 2107 1598 2178 in
1613 2107 1742 2176 mira-

119 2238 223 2308 culis
245 2239 406 2330 habita,
432 2241 533 2334 qvod
554 2242 657 2332 regis
678 2265 799 2333 nepos
824 2251 942 2334 atque
972 2239 1083 2322 illius
1109 2251 1218 2309 nata
1230 2238 1366 2332 filius,
1400 2263 1484 2334 qua
1499 2239 1636 2310 multis
1649 2246 1743 2307 onte

119 2371 240 2444 annis
248 2371 336 2444 XV
342 2396 468 2443 annos
484 2383 583 2442 nata
601 2373 763 2467 captiva
780 2370 920 2440 oblato
936 2382 1045 2459 esset,
1057 2371 1147 2466 jam
1164 2395 1348 2468 cumrege
1364 2371 1590 2466 adueniret5
1611 2391 1743 2443 verum

115 2505 258 2577 tamen
271 2505 484 2576 Mettortae
499 2505 700 2593 nutricem,
716 2529 799 2602 qva
816 2517 897 2574 tum
914 2505 954 2574 in
970 2505 1067 2575 lecto
1093 2504 1272 2576 decubuit
1290 2500 1329 2576 8(
1349 2504 1481 2576 morbo
1498 2500 1743 2575 &senectute

118 2639 297 2736 infirma,
319 2639 459 2714 hares
474 2635 868 2727 maximemovebont,
883 2659 974 2708 nam
986 2637 1059 2708 illa
1076 2639 1160 2710 sine
1177 2638 1316 2712 baculo
1332 2661 1488 2735 egressa
1507 2637 1564 2708 ad
1574 2637 1745 2710 Olaeum

118 2773 401 2868 excipiendum.
468 2774 565 2846 Tum
590 2795 659 2846 rea
684 2772 851 2844 Olavum
875 2771 1168 2867 alloquebatur:
1200 2771 1282 2845 Hic
1292 2773 1384 2869 jam
1400 2773 1514 2842 adest
1528 2768 1744 2841 Meliorka’

117 2906 260 3010 nutrix
290 2904 327 2980 8<
357 2933 452 2979 sane
484 2907 626 3002 opinor
652 2907 766 2976 illam
786 2906 913 3002 rnuita
938 2917 1024 2975 ate
1048 2907 1148 2976 scire
1172 2907 1271 2979 aelle
1305 2909 1352 2978 de
1381 2904 1494 2976 rebus
1516 2901 1741 2976 Materte.

117 3040 246 3112 Illam
266 3025 414 3112 Olaous
428 3040 730 3134 latusjexcepit,
768 3061 960 3132 anumque
983 3038 1131 3130 gremio
1160 3039 1364 3132 imposuit,
1400 3037 1582 3132 illiusque
1608 3035 1743 3104 aium—

118 3193 218 3243 nam
235 3171 276 3241 in
292 3172 477 3242 Islandia
497 3169 796 3243 benevalentem
812 3168 949 3262 degere
966 3166 1202 3261 affirmavit,
1237 3169 1375 3240 deinde
1393 3171 1542 3242 Olavas
1569 3167 1632 3236 iili
1656 3163 1743 3234 cul·
1783 3167 1788 3176 '

122 3317 232 3375 tram
252 3313 367 3398 atqve
382 3303 554 3374 balteum
574 3300 744 3372 tradidit
768 3295 806 3368 8<
830 3321 932 3366 anus
956 3298 1040 3366 boec
1063 3298 1214 3390 qeidem
1236 3299 1390 3367 cimelia
1422 3297 1626 3391 cognovit,
1654 3315 1744 3388 prce

118 3435 274 3532 gaudio
289 3436 491 3528 lacrymas
516 3431 741 3530 effundens,
773 3441 889 3524 atque
908 3427 1011 3499 dixit
1026 3427 1241 3498 Meliorkoe
1251 3427 1386 3520 filium
1412 3439 1624 3521 augustum
1647 3449 1743 3496 sane

120 3569 256 3642 uirum
272 3591 365 3653 esse,
375 3589 508 3640 oerum
526 3565 598 3636 boc
608 3587 685 3635 non
701 3561 926 3633 mirandum
943 3583 1030 3631 cam
1042 3571 1263 3630 maternum
1278 3549 1609 3655 talegenus‘esset,
1623 3553 1743 3628 &bac

122 3703 277 3800 quidem
295 3713 379 3774 toto
398 3701 534 3795 hyeme
553 3697 756 3770 satiserat
774 3694 865 3766 bene
898 3695 1045 3768 valens.
1113 3693 1297 3788 Hesper
1323 3705 1447 3764 totum
1471 3703 1622 3786 tempus
1648 3687 1744 3757 bru-

121 3835 231 3906 male
245 3857 313 3908 rex
327 3857 476 3932 parum
496 3834 624 3930 quieta
643 3854 735 3902 usus
748 3841 807 3900 est
821 3829 1044 3916 mansione,
1071 3853 1164 3898 nam
1186 3840 1267 3898 tum
1282 3826 1540 3929 occidentales
1568 3821 1743 3918 regiones

122 3968 251 4042 multo
278 3967 379 4037 bello
396 3965 570 4056 infesta,-
598 3965 666 4032 sed
692 3985 759 4032 rex
781 3987 827 4031 eo
852 3961 986 4053 byeme
1013 3956 1234 4054 piratas&
1262 3982 1485 4030 excursores
1509 3982 1534 4025 α
1553 3955 1634 4026 suis
1646 3950 1743 4044 fini-

118 4083 198 4177 bus
218 4094 500 4195 propulsabat.
572 4094 720 4164 Olavas
744 4117 830 4162 cum
856 4093 937 4162 suis
965 4093 1080 4162 sociis
1101 4094 1141 4163 in
1162 4092 1289 4186 ipsias
1307 4089 1520 4185 regisnaui
1536 4087 1682 4179 adfuit,
1708 4077 1747 4152 8<

121 4229 205 4307 'itta
224 4211 387 4328 'quidem
413 4221 550 4298 cobors
575 4227 678 4297 inter
700 4225 914 4296 ualidiores
941 4223 1080 4294 habita
1105 4223 1156 4293 ob
1177 4211 1268 4294 illis'
1284 4211 1508 4319 ¹qeibuscum
1530 4203 1746 4292 concursa-

119 4369 229 4440 renti
286 4363 382 4433 Tum
402 4383 469 4432 rex
487 4359 605 4432 Olavi
621 4371 736 4454 atqve
754 4357 864 4427 illius
881 4357 1071 4428 sociorum
1081 4357 1303 4450 plurimum
1317 4381 1410 4428 usus
1426 4355 1600 4453 obloquio
1615 4349 1747 4422 consi-

119 4501 279 4596 dioqve5
321 4520 414 4566 nam
445 4495 613 4566 Olaoum
635 4487 909 4586 experiebatur
942 4489 1069 4562 uirum
1092 4492 1327 4585 prudentem
1360 4502 1475 4586 atqve
1498 4491 1539 4562 in
1572 4482 1746 4593 omnibus

116 4634 275 4728 fortem
288 4629 491 4723 periculis.
542 4629 695 4721 Hyeme
712 4621 974 4717 versasflnem
991 4635 1186 4718 uergente,
1228 4649 1295 4696 rex
1321 4624 1495 4696 homiues
1517 4621 1572 4690 ad
1591 4613 1747 4687 concio-

118 4787 222 4854 nem
241 4761 480 4855 conuocavit,
506 4759 622 4830 multi
641 4757 694 4828 ibi
706 4756 894 4827 mortales
912 4755 1181 4852 congregaban
1191 4769 1256 4828 tur
1262 4781 1277 4848 ,¹
1315 4770 1396 4827 tum
1420 4779 1488 4828 rea
1506 4765 1667 4842 surgens
1687 4740 1746 4810 ἱία

119 4899 261 4996 janda
275 4913 435 4974 exorsus
453 4905 531 4964 est:
557 4893 665 4964 Sertis
680 4902 834 4962 constat
850 4890 988 4961 ultimo
1005 4903 1194 4962 autumno
1210 4890 1413 4962 advenisse
1433 4887 1559 4958 virum
1568 4931 1581 4972 ,
1622 4895 1746 4947 meum

1475 5020 1546 5092 Le
