4282 5714
852 498 1065 614 gj-

806 747 937 838 CAP.
984 746 1111 834 VIII.

344 929 480 1037 Haud
513 965 672 1062 longam
709 963 752 1037 in
786 963 1039 1038 matrimonia
1084 963 1209 1034 vitam
1238 963 1446 1061 Herjalfue
1487 977 1603 1063 atqve
1642 965 1771 1037 Thai-¹

138 1099 273 1196 gerda'
292 1113 473 1197 egerant,
524 1099 756 1194 cumfilium
778 1101 1108 1193 nanciscerentur.
1175 1098 1284 1170 Huic
1301 1096 1393 1190 filia
1422 1125 1526 1197 aqva
1555 1101 1768 1196 superfusa

141 1246 202 1306 est
232 1259 442 1330 nomenque
475 1234 642 1306 inditum
650 1255 665 1326 ,·
711 1234 872 1305 Hrutuc
900 1259 1037 1330 nempe
1071 1244 1323 1328 nuncupatus
1356 1245 1425 1303 est.
1497 1232 1769 1306 Adolescentia

136 1367 225 1460 jam
253 1378 372 1440 aetate
389 1365 508 1438 robur
530 1380 646 1464 alque
668 1391 856 1463 magnam
887 1372 1085 1436 staturam
1113 1367 1278 1437 sortitus
1304 1377 1385 1457 est,
1441 1367 1629 1465 simulqre
1648 1368 1768 1439 liabi-

143 1513 206 1570 tue
234 1513 323 1606 erat
347 1501 525 1596 corporis
547 1501 842 1596 pulcherrimus
849 1551 862 1588 ,
902 1511 991 1570 erat
1014 1501 1117 1570 enim
1136 1517 1311 1596 'procero
1339 1523 1502 1595 corpore
1527 1501 1768 1597 humerisqve

142 1632 259 1723 latia,
298 1635 425 1705 medic
450 1636 629 1731 carparis
650 1635 866 1730 graciliore
889 1628 926 1706 8(
950 1635 1080 1729 quoad
1088 1636 1210 1729 pedes
1229 1629 1268 1706 8<
1285 1658 1426 1705 manue
1446 1633 1537 1704 bene
1547 1631 1765 1726 formatus.
1893 1668 1895 1672 ¹

139 1763 299 1841 Hrutnc
318 1767 486 1838 multum
515 1781 721 1840 venustate
747 1766 979 1854 excellebat,
1013 1770 1332 1864 quemadmodum
1350 1780 1767 1841 avuccuusmaternac

144 1899 417 1990 Thareteinue‚
445 1903 510 1973 vel
522 1901 696 1972 Ketilluc
711 1901 947 1995 Flatnesuc,·
970 1903 1100 1997 quoad
1120 1903 1250 1972 amnia
1268 1901 1427 1973 babitus
1450 1902 1514 1974 illi
1534 1913 1622 1972 erat
1638 1901 1766 1996 insig-

138 2033 213 2104 nis.
256 2033 465 2130 Herjolfus
481 2033 615 2104 morbo
629 2047 832 2128 correptus
846 2033 1087 2118 moriebatur
1100 2052 1177 2104 non
1199 2035 1282 2104 cine
1296 2037 1419 2104 mulla
1431 2035 1631 2106 bominum
1646 2037 1765 2105 luctu.
1786 2017 1792 2024 ¹

143 2165 241 2235 Tum
261 2166 297 2235 T
292 2165 529 2259 bargerdam
554 2167 792 2236 desiderium
816 2167 920 2260 cepit
943 2165 1139 2236 lelandioe
1171 2169 1405 2260 repetendae,
1426 2166 1649 2262 visendiqve
1672 2167 1765 2238 Hii-
1817 2169 1819 2174 ’

137 2296 269 2368 ebaldi
274 2295 372 2390 filii,
397 2297 543 2392 quippe
570 2321 677 2394 qvem
693 2319 786 2390 prce
811 2297 987 2367 omnibus
1005 2298 1186 2391 diligeret
1205 2297 1459 2391 mortalibus3
1490 2301 1649 2370 Hrutuc
1674 2325 1766 2372 vero

136 2431 251 2526 apud
263 2429 510 2526 propinqvcc
535 2430 577 2500 in
595 2428 695 2500 bana
718 2430 938 2503 conditione
958 2430 1157 2501 remansit.
1218 2412 1445 2526 Yliargerda
1460 2432 1536 2503 iter
1550 2433 1606 2502 ad
1623 2432 1763 2504 lelan-

137 2565 249 2637 diam
261 2575 409 2657 parat,
430 2560 636 2659 filiumque
651 2564 898 2669 Hbcbuldum
923 2565 964 2634 in
979 2565 1216 2636 Laxardalo
1239 2563 1484 2636 habitantem
1501 2566 1658 2657 revistr5
1695 2567 1763 2637 ille

137 2710 306 2769 matrem
323 2721 438 2793 qvam
451 2697 590 2792 patuit
608 2696 885 2769 delicatissime
903 2697 1072 2799 excepit,
1098 2721 1184 2794 quae
1200 2698 1398 2793 deinceps,
1424 2724 1570 2794 magna
1592 2723 1709 2792 opum
1726 2701 1762 2770 vi

135 2831 316 2927 pollens,
351 2853 438 2900 cum
453 2828 545 2922 filio
575 2833 631 2903 ad
650 2832 788 2902 martis
811 2832 912 2902 diem
932 2832 1049 2927 degit.
1102 2831 1200 2902 Pact
1213 2831 1364 2926 aliquot
1379 2831 1520 2900 lriemes
1535 2831 1761 2926 Tbargcrda

137 2962 284 3036 lethali
299 2961 431 3036 morbo
446 2961 590 3059 affecta
608 2966 787 3056 moritur,
815 2967 1037 3060 tumuloque
1054 2965 1257 3051 conditur,
1275 2963 1506 3032 Hisbuldue
1524 2987 1612 3036 vero
1631 2989 1760 3036 ornnes

139 3096 254 3192 capit
272 3121 380 3194 apes,
407 3121 573 3194 quaram
595 3099 761 3172 dimidia
775 3123 879 3195 parc
896 3101 952 3170 ad
966 3101 1144 3172 Hrutum
1153 3093 1331 3193 fratrem
1341 3095 1580 3192 pertinebat.

824 3421 955 3526 CIP.
997 3439 1089 3525 IX.·

339 3617 438 3727 Hoc
456 3666 628 3750 tempore
643 3653 860 3752 Narragioe
878 3665 1058 3749 praerat
1072 3653 1189 3724 Haco
1206 3651 1438 3726 Adalsteini
1457 3651 1662 3744 alumnus,
1690 3681 1762 3728 cu-

129 3794 202 3890 juc
232 3789 273 3861 in
292 3787 390 3860 aula
406 3787 639 3861 Hbskuldae
660 3800 813 3884 egerat,
846 3812 1104 3884 magnamque
1126 3783 1201 3858 eibi
1211 3787 1375 3880 famam
1399 3801 1482 3857 tam
1500 3785 1541 3858 in
1562 3789 1761 3887 Nar-vegia

139 3947 258 4023 qaam
287 3923 328 3994 in
343 3921 526 3994 lelandia
550 3923 846 3996 conciliaverat.
904 3921 981 3995 Vir
997 3921 1155 4016 quidam
1183 3925 1337 3992 nomine
1349 3921 1476 3992 Bibra
1500 3923 1694 4018 regionem
1721 3926 1762 3995 in

135 4055 445 4149 Biarnarfiiirdc
472 4069 753 4150 occupaverat,
795 4057 920 4151 ibique
949 4053 1166 4144 habitavit,
1197 4079 1243 4126 ex
1260 4057 1341 4152 ejus
1360 4051 1515 4125 nomine
1532 4059 1764 4128 denomina-

139 4205 207 4264 tae
233 4202 293 4262 eet
310 4189 427 4262 'sinus
459 4187 527 4258 ille
552 4187 697 4276 marie,
742 4189 807 4284 qvi
836 4212 969 4262 aereus
996 4185 1242 4258 euroboream
1262 4189 1433 4283 plagam
1457 4214 1482 4261 a
1508 4189 1762 4284 Steingrims-

136 4323 264 4420 fibrclo
296 4324 518 4420 interram
549 4344 630 4420 cese
660 4321 854 4416 incinunt,
876 4319 1113 4416 ‘ruanticula
1143 4319 1306 4416 oblcnga
1334 4323 1437 4420 inter
1458 4323 1572 4418 *sinuc—
1587 4346 1763 4420 prjcaur7

141 4471 261 4532 rente.
312 4455 440 4562 Bibra
461 4453 584 4526 nobili
598 4478 738 4556 genere
757 4468 857 4568 erat,
886 4452 1025 4551 opibus
1039 4453 1159 4541 diver,
1186 4454 1222 4524 ei
1238 4478 1337 4530 uxor
1349 4467 1439 4526 erat
1455 4456 1609 4527 nomine
1624 4457 1762 4548 Liafa,

131 4579 229 4689 filia
244 4591 447 4680 lorunna,
485 4613 570 4686 qvae
593 4591 790 4664 venustati
799 4591 947 4686 sormae
982 4585 1088 4661 altae
1111 4587 1298 4684 spirituc,
1324 4590 1552 4684 prudentiae
1565 4585 1763 4684 generaci-

145 4739 266 4802 tatem
282 4725 427 4800 indolis
444 4723 640 4822 adauxit.
702 4724 786 4799 Illa
806 4725 917 4825 uirga
931 4750 1008 4824 per
1024 4735 1125 4798 tatae
1138 4724 1181 4798 V
1176 4723 1364 4822 eatsjbdae
1382 4724 1496 4822 lange
1498 4718 1762 4821 praestantia·¹
1887 4795 1891 4800 ,
