4256 5730
840 505 1045 628 ,3.9Ζ..

815 757 1066 872 GAP.69.

329 884 426 989 Hoc
452 929 640 989 autumno
664 917 898 1006 Gannarue,
945 915 1321 1004 Thidrandabanuc,
1366 917 1568 990 Gudruna
1602 915 1742 992 miccuc
1775 956 1776 960 =

120 1051 280 1146 suerat,
307 1063 351 1121 ut
368 1050 432 1120 illi
452 1051 645 1122 auxilium
663 1075 711 1120 ac
727 1049 942 1146 hospitium
960 1047 1166 1138 exhiberet,
1185 1047 1223 1124 8<
1242 1052 1316 1122 illa
1332 1051 1481 1147 quidem
1499 1073 1583 1120 eum
1600 1071 1742 1144 excep-

129 1163 231 1269 erat,
259 1185 427 1255 celatum
444 1193 574 1253 autem
587 1184 733 1275 suerat
755 1203 902 1254 nomen.
962 1181 1176 1253 Gunnaruc
1182 1195 1352 1278 propter
1367 1181 1597 1268 Tiridrandi,
1626 1179 1741 1251 Geit-
1788 1277 1792 1285 .

130 1317 166 1384 ie
177 1313 275 1406 filii,
299 1313 633 1404 Kroccaoikencie,
666 1315 807 1386 caedem
824 1315 1037 1384 damnatus
1043 1312 1204 1404 fuerat,
1230 1317 1290 1384 uti
1306 1315 1347 1385 in
1365 1314 1741 1407 NJardvihingorum
1819 1296 1822 1304 ’

127 1445 300 1517 historia
313 1446 482 1516 relatum
497 1457 564 1515 ert.
618 1445 735 1518 lilius
744 1446 819 1518 iter
822 1445 1052 1540 plerumque
1055 1445 1145 1536 fuit
1162 1447 1365 1537 occultum,
1383 1446 1499 1516 multi
1514 1447 1614 1516 enim
1623 1469 1738 1539 mag-

127 1589 270 1648 natum
295 1574 511 1648 vindictam
536 1577 768 1670 quarobant.
822 1577 958 1649 Primo
976 1575 1140 1650 convivii
1156 1601 1332 1672 verpere,
1359 1599 1471 1674 quum
1494 1575 1667 1646 convivat
1683 1575 1741 1644 ad

126 1729 254 1805 aquae
269 1710 391 1778 lotum
408 1708 521 1795 irent,
537 1734 692 1805 magna
707 1721 874 1780 ctaturoe
889 1708 1171 1801 homolavacro
1187 1709 1387 1780 adstabat.
1413 1705 1556 1802 Magni
1574 1706 1637 1776 illi
1651 1705 1736 1778 viro

124 1840 280 1912 humeri
308 1842 501 1936 latumque
517 1852 677 1935 peetus,·
713 1841 864 1934 pileum
887 1839 1018 1934 capite
1040 1841 1233 1934 gestabat.
1315 1840 1543 1912 tborkettoe
1567 1837 1733 1930 rogavit,

124 1971 320 2069 qvi'ltomo
337 1985 445 2040 esset.
497 1973 540 2041 Is
561 1973 663 2040 illud
678 1971 885 2064 prosectu-5
906 1995 1063 2048 nornen,
1095 1975 1196 2066 qvod
1217 1973 1362 2065 optime
1384 1969 1587 2042 convenire
1610 1967 1734 2037 vicum

125 2117 197 2176 eet.
238 2101 467 2173 (liiorkeliuc
476 2101 598 2172 dixit:
623 2099 733 2170 hazcd
746 2111 782 2170 tc
797 2101 1277 2195 oeraprcloqviarbitror3
1296 2103 1464 2173 similior
1476 2099 1577 2171 enim
1592 2097 1736 2171 ciderio

126 2237 322 2308 Gunnaro
336 2233 671 2305 Thidrandobano
687 2228 726 2304 ὃ(
740 2231 776 2301 ei
789 2243 926 2302 tantus
942 2232 1093 2326 quidem
1111 2257 1151 2303 eo
1168 2234 1333 2324 athleta,
1360 2243 1546 2329 quaedum
1564 2243 1600 2301 te
1611 2229 1735 2320 sama

115 2369 230 2462 sert,
255 2366 366 2437 haud
383 2377 544 2436 autumo
561 2377 598 2435 te
616 2387 752 2434 nomen
770 2363 999 2434 celaturum.
1056 2365 1162 2436 Tunc
1179 2367 1393 2436 Gannaruc
1410 2363 1637 2459 respondit:
1662 2361 1736 2431 hoc
1850 2377 1852 2382 ’

126 2499 280 2595 quidem
295 2495 534 2568 uehementer
543 2495 748 2589 postulae,
774 2516 843 2565 nec
859 2517 957 2588 opus
977 2519 1059 2567 ecce
1082 2499 1195 2568 credo
1214 2510 1251 2568 te
1267 2521 1404 2569 nomen
1425 2497 1563 2569 celare.
1615 2495 1734 2566 Recte

127 2629 281 2727 quidem
307 2627 435 2699 uirum
466 2627 682 2720 cognovisti
688 2652 705 2716 ,·
738 2629 889 2722 qualem
909 2637 1041 2697 autem
1062 2629 1159 2698 milti
1189 2629 1445 2699 conditionem
1466 2619 1735 2696 constituisti?

131 2759 365 2834 Titarkelluc
384 2757 498 2846 dixit,
517 2759 723 2852 sequidem
742 2757 840 2828 velle
856 2769 900 2828 ut
914 2757 987 2828 hoc
1002 2758 1067 2830 iiii
1082 2763 1274 2855 extemplo
1288 2773 1421 2832 notum
1428 2757 1540 2851 fierit
1548 2781 1562 2846 ,·
1588 2751 1626 2826 8<
1644 2756 1733 2849 qvi·-

128 2895 216 2970 dem
232 2915 322 2961 euoe
338 2891 536 2958 allocutus
551 2891 721 2981 rogarit,
740 2901 784 2958 ut
805 2889 869 2958 iili
886 2915 1046 2962 manum
1064 2891 1275 2984 injicerent.
1330 2893 1524 2962 Gudruna
1542 2900 1673 2958 autem
1691 2888 1733 2958 in

126 3023 310 3094 tabulato
319 3005 491 3087 consedit
500 3025 727 3085 trauoverco
741 3015 895 3107 &apud
902 3041 987 3088 eam
997 2985 1177 3088 mulieres
1186 3021 1382 3113 capitibus
1390 3019 1522 3088 linteis
1533 3017 1732 3089 obvolutio.

129 3157 213 3243 Quo
228 3151 302 3220 illa
325 3155 520 3240 comperto
537 3142 564 3214 a
581 3143 758 3236 nuptiali
775 3166 932 3214 ccamno
947 3147 1176 3218 descendeus
1194 3169 1283 3219 suot
1299 3149 1467 3242 rogauit,
1484 3161 1528 3219 ut
1540 3151 1731 3220 Gunnaro

128 3307 240 3380 opem
246 3281 410 3371 ferrent,
421 3273 1022 3369 necniiilzominiparcerent,qvi
1030 3277 1406 3349 illieadvercaretur.
1435 3279 1734 3348 Gudrunoeerat

128 3409 400 3488 concrematio
413 3408 551 3504 major.
592 3403 864 3498 Jamquealiue
875 3405 1003 3474 rerum
1016 3419 1210 3500 aspectui,
1220 3421 1364 3503 atqoea
1369 3408 1573 3502 principio
1575 3410 1729 3498 fuerat.

128 3549 277 3619 Snorro
294 3539 474 3614 Anticles
499 3549 579 3608 tum
597 3534 831 3606 intercedere
847 3545 959 3630 atque
978 3560 1138 3632 rogare,
1170 3552 1213 3612 ut
1226 3539 1290 3610 itio
1308 3541 1512 3610 sedaretur
1531 3541 1729 3612 tumuitus.
1766 3615 1771 3622 ,
1832 3537 1839 3550 ’

133 3676 232 3768 Tibi,
253 3672 385 3770 inquit,
409 3667 634 3742 Thorkelie!
664 3665 901 3738 tutieoimum
912 3681 974 3740 est
988 3669 1091 3740 itanc
1101 3695 1181 3745 rem
1199 3693 1277 3742 non
1293 3681 1409 3742 tanta
1425 3672 1601 3767 percoqui
1616 3673 1731 3746 velte-

126 3809 287 3894 mentia,
303 3808 460 3902 jamque
473 3800 697 3895 conspiciet,
724 3823 839 3896 qoam
850 3822 1039 3896 generosa
1055 3803 1205 3876 indoleo
1221 3805 1423 3874 Gudruna
1442 3803 1549 3894 ineit,
1573 3806 1608 3876 ci
1624 3807 1731 3876 utri-

126 3967 197 4039 que
219 3950 396 4010 nostrum
416 3943 654 4027 potestatem
678 3931 852 4002 adimere
876 3933 993 4002 vaiet.
1050 3921 1254 4006 Thorkello
1284 3955 1499 4028 synonymo
1514 3931 1588 4002 eibi
1605 3933 1732 4006 Thor-

127 4073 242 4155 cetto,
271 4065 396 4138 Geitis
401 4062 504 4154 filio,
531 4085 570 4129 ee
582 4061 814 4154 promieieee
830 4063 1028 4153 confeeeue
1047 4077 1125 4136 eet:
1154 4067 1385 4138 Gannarum
1404 4066 1584 4152 occidere,
1611 4065 1645 4134 ei
1662 4093 1729 4138 oc-

129 4200 361 4296 cidentalem
390 4193 582 4287 regionem
607 4191 749 4260 adiret.
818 4194 872 4264 Et
898 4195 966 4264 ille
990 4195 1155 4290 quidem,
1195 4198 1317 4293 inquit
1323 4247 1353 4286 ›.
1381 4197 1608 4268 Tkorkelluc
1634 4201 1734 4272 milii

129 4330 389 4403 amicissimus
403 4337 472 4396 est.
526 4323 672 4395 Snorro
692 4321 813 4393 dixit:
844 4326 968 4396 multo
984 4329 1146 4422 gravior
1159 4328 1368 4400 nececoitoe
1383 4327 1663 4424 tibiinjungit,
1688 4347 1733 4403 ut
1796 4415 1798 4418 ¹

130 4477 275 4534 nostra
293 4457 491 4534 voluntati
517 4453 640 4526 obtem
644 4477 758 4548 peres
776 4449 815 4526 ἃ
844 4455 916 4526 tibi
938 4458 1088 4552 quidem
1115 4461 1194 4556 ipsi
1211 4461 1461 4532 ltocmaxime
1479 4474 1536 4534 ect
1554 4487 1733 4534 neceesa-

132 4595 254 4679 rium,
281 4615 372 4661 nam
391 4591 509 4660 talem
527 4609 699 4676 uxorem,
728 4589 853 4682 qualis
874 4591 1068 4661 Gudruna
1084 4604 1161 4677 eet,
1185 4592 1297 4664 haud
1311 4593 1520 4676 invenires,
1546 4592 1733 4663 licetiate

135 4723 333 4818 avaritae.
387 4723 560 4814 Propter
580 4719 789 4790 Snorronie
813 4723 941 4818 itaque
964 4723 1113 4792 monita
1130 4717 1167 4792 8<
1184 4723 1282 4820 quod
1303 4724 1413 4794 illum
1425 4747 1517 4793 vera
1543 4723 1644 4815 loqui
1668 4725 1731 4794 in-

136 4853 336 4950 telligebat
365 4852 592 4925 Thorkellue
619 4853 777 4924 cedatne
806 4868 874 4926 eet.
939 4857 1153 4928 Gnnnaruc
1176 4879 1265 4966 aero
1288 4878 1331 4926 eo
1356 4877 1511 4948 vespere
1531 4854 1730 4928 abductus.

498 4997 500 5001 .
1462 4987 1532 5080 Pp
