4282 5714
850 511 1058 654 ..AL
1143 629 1147 646 .

152 781 194 850 V
192 777 319 871 igdisa
342 781 376 850 Τ
372 777 528 868 horolfo
544 782 720 850 miserat.
781 763 885 849 Turio
911 759 1120 863 Tbbrolsns
1138 778 1177 847 in
1197 779 1298 848 branc
1314 781 1405 870 sere
1421 783 1575 851 modam
1596 789 1759 874 respanss

151 909 236 976 dit:
260 909 361 982 Heca
375 912 472 980 mibi
488 913 603 1006 signa
619 935 827 1006 agnoscere
850 921 1079 998 certumst,
1102 907 1139 980 8<
1162 937 1255 980 sane
1274 913 1466 1004 excipiam
1484 914 1675 985 bominem
1697 937 1759 982 se-

150 1041 317 1108 cundam
336 1041 450 1130 banc,
478 1067 585 1137 qvem
602 1045 676 1114 illa
689 1043 787 1111 mibi
806 1043 924 1129 misit,
948 1041 1139 1130 nantium,
1166 1066 1257 1111 nam
1273 1045 1402 1138 ntiqve
1424 1046 1576 1114 videtur
1589 1046 1631 1115 V
1628 1041 1757 1137 igdisa

149 1169 358 1238 admodum
385 1173 541 1244 honeste
565 1201 644 1246 sese
664 1175 828 1270 gessisse
855 1175 896 1244 in
918 1175 994 1242 bac
1018 1197 1079 1263 re,·
1135 1169 1173 1243 bc
1201 1177 1406 1244 dolendam
1427 1201 1520 1245 sane
1536 1187 1612 1261 est,
1642 1175 1761 1242 talem

148 1293 350 1369 mulierem
394 1315 476 1372 tam
516 1306 678 1398 ignobili
713 1308 772 1375 nti
798 1306 1057 1375 mairimonio.
1125 1307 1215 1375 Jam
1242 1307 1478 1399 tnAsgaate
1507 1309 1761 1392 bismaneas,'

150 1433 334 1524 qvamdia
371 1433 442 1502 tibi
484 1436 565 1528 ipsi
593 1436 780 1531 placebit.
854 1433 1060 1530 Asgantns
1085 1462 1162 1531 per
1196 1441 1353 1532 longum
1385 1453 1534 1534 tempas
1568 1451 1683 1508 semet
1705 1437 1779 1514 ibi,

149 1585 378 1634 mansarum
408 1567 577 1658 negavit.
630 1569 761 1638 ¹Tunc
798 1567 1008 1658 Tborolsas
1048 1569 1176 1642 viram
1202 1571 1277 1640 sibi
1314 1572 1574 1666 cognominem
1610 1567 1760 1660 excepit

151 1697 292 1790 illaqve
314 1696 474 1765 assiduo
502 1700 638 1769 comite
659 1724 751 1768 asns
781 1710 859 1784 est,
889 1697 1114 1794 Asgaatam
1138 1716 1268 1774 autem
1294 1705 1540 1786 amicissime,
1556 1699 1706 1768 dimisit
1722 1691 1760 1768 8<

151 1828 219 1896 ilie
239 1831 392 1896 domam
414 1831 543 1900 rediit.
597 1831 688 1901 Jam
716 1833 762 1900 de
783 1829 967 1922 Ingjaido
991 1815 1298 1923 memorandam,
1337 1836 1437 1929 qvod
1462 1847 1506 1902 nt
1523 1857 1547 1900 a
1574 1829 1761 1920 Tborolfo

149 1961 415 2048 discesserat,.
442 1964 722 2032 Gaddastados
763 1959 1000 2044 revertebat,
1051 1976 1142 2033 tanc
1168 1991 1194 2056 e
1217 1965 1413 2058 proximis
1443 1963 1551 2032 villis
1584 1931 1765 2054 Vigdisa'

146 2092 287 2161 nuntio
306 2094 457 2160 evocati
474 2093 649 2186 homines
662 2104 932 2177 convenerant,
959 2115 1028 2160 neo
1044 2108 1159 2164 erant
1173 2096 1345 2166 homines
1364 2094 1503 2162 ibidem
1535 2091 1765 2186 congregati

148 2223 258 2313 infra
274 2223 535 2328 XX'namero.
603 2193 695 2294 Cam
719 2245 808 2294 vero
836 2221 1046 2314 Ingjaldns
1073 2249 1156 2326 cnm
1186 2227 1300 2294 sociis
1310 2227 1374 2330 ¹ad
1387 2225 1524 2295 villam
1535 2223 1762 2318 perveniret

154 2355 351 2425 'Ibordnm
367 2357 423 2424 ad
442 2381 480 2424 se
499 2370 679 2427 vocatam
713 2355 770 2424 ita
796 2351 1078 2446 alloqvebatur.
1145 2360 1296 2446 Parnm
1324 2358 1501 2442 boneste,
1537 2355 1682 2450 inavit,
1724 2366 1761 2426 te

94 2527 101 2540 ·
148 2511 243 2582 erga
263 2511 333 2556 nos
349 2489 521 2580 gessisti,
552 2489 726 2560 Tborde!
751 2487 936 2556 boc'enim
945 2499 1025 2580 p'ro
1045 2500 1149 2557 certo
1163 2457 1367 2578 babemus,
1394 2499 1430 2556 te
1447 2485 1638 2556 bominem
1658 2487 1761 2555 clam

149 2619 362 2714 ablegasse.
429 2619 1135 2714 Tbordasnegavitsebajusoaussae
1150 2621 1287 2692 merito
1314 2619 1548 2689 insimulari.
1600 2618 1764 2712 Jamqve

152 2752 276 2820 ornnis
301 2753 480 2846 Ingjaldi
512 2766 628 2848 atqve
658 2753 805 2820 Tbordi
839 2751 1076 2822 consultatio
1097 2753 1374 2848 palamsacta
1411 2765 1469 2822 est
1493 2746 1531 2822 δε
1555 2749 1763 2844 lagjaidas

148 2883 358 2977 pecuniam
382 2907 496 2976 qvam
531 2885 685 2954 Ybordo
715 2883 940 2953 tradiderat
975 2881 1209 2978 reposcebat.
1277 2887 1382 2956 Tunc
1408 2885 1575 2978 Vigdisa
1603 2881 1763 2950 iliorum

153 3015 341 3110 colloqvia
356 3013 491 3104 adfuit
518 3028 633 3108 atqve
653 3015 737 3084 boea
771 3014 923 3084 illisex
953 3017 1103 3084 meritis
1130 3017 1286 3084 cessisse
1303 3017 1535 3112 affirmavit,
1566 3013 1763 3084 Tbordnm

153 3171 242 3222 vero
263 3145 431 3238 rogavit,
458 3169 505 3214 ne
519 3145 623 3215 bano
641 3145 852 3238 pecuniam
875 3149 1056 3215 retineret
1063 3171 1078 3237 ‚-
1116 3171 1208 3216 nam
1224 3159 1265 3217 tn
1292 3145 1468 3236 Tborde,
1488 3145 1632 3241 inavit,
1658 3143 1761 3214 banc

148 3278 360 3374 pecuniam
380 3299 529 3368 parum
555 3277 712 3344 boneste
738 3277 991 3368 acqvisivisti.
1062 3278 1240 3346 Tbordus
1267 3278 1386 3362 dixit,
1423 3277 1536 3344 iilam
1561 3276 1678 3366 bajus
1705 3269 1761 3341 rei

147 3420 387 3505 potestatem
424 3402 513 3474 sibi.
522 3406 612 3498 jam
635 3405 879 3482 vindicasse·
934 3407 970 3475 Τ
965 3429 1029 3476 am
1046 3407 1216 3502 Vigdisa
1239 3410 1393 3476 domam
1415 3405 1594 3498 ingressa
1614 3404 1671 3473 ad
1689 3425 1762 3472 ar·-

153 3513 469 3636 camqvandam,
494 3560 577 3634 qva
605 3535 759 3606 Tbordo
782 3549 890 3622 erat,
926 3537 1066 3610 ibidem
1086 3537 1222 3632 magni
1233 3536 1423 3632 ponderis
1442 3536 1589 3606 loculos
1604 3536 1763 3624 invenit,

154 3674 224 3742 bos
239 3669 542 3758 sublatosscras
558 3692 683 3739 secum
699 3671 875 3739 odiliam
894 3671 1031 3760 lacum,
1051 3669 1117 3741 abi
1134 3683 1229 3740 esset
1245 3668 1453 3764 Ingjaldns
1473 3668 1624 3755 attulit,
1651 3668 1766 3736 illam
1789 3665 1793 3676 ’

155 3806 257 3875 banc
268 3805 493 3874 tbesanrnm
504 3800 682 3894 accipere
686 3801 862 3896 jubebat.
889 3803 1099 3898 Ingjaidas
1114 3783 1260 3872 adbac
1274 3800 1486 3896 supercilia
1505 3799 1764 3869 attollereat-

156 3963 225 4032 qve
242 3959 400 4006 manum
410 3933 617 4026 porrigere
633 3935 689 4002 ad
702 3933 927 4006 thesauram
943 3935 1225 4033 accipiendum.
1293 3933 1390 4003 Tum
1413 3934 1455 4004 V
1452 3932 1580 4026 igdisa
1598 3930 1766 4002 sublatis

157 4069 297 4140 loculis
325 4089 465 4134 nasum
490 4065 552 4132 illi
580 4063 799 4134 verberavit
825 4066 884 4132 ita
908 4077 954 4144 ut.
980 4067 1139 4160 sanguis
1169 4067 1209 4136 in
1229 4065 1388 4136 bamam
1405 4065 1608 4157 deflueret,
1650 4063 1769 4134 simul
1804 4107 1806 4112 -

157 4199 284 4268 malta
311 4194 589 4290 contumeliosa
606 4195 764 4262 addidit
782 4195 902 4282 dicta,
923 4197 1152 4289 negavitqve
1175 4219 1343 4290 unqvam
1353 4207 1495 4290 postea
1514 4197 1631 4266 istam
1642 4217 1768 4288 pecu-

158 4331 267 4400 niam
294 4329 357 4397 itti
385 4327 576 4396 traditum
604 4326 675 4414 iri,
721 4319 759 4395 8<
785 4325 922 4395 deinde
945 4323 1058 4396 ilium
1078 4323 1187 4398 abire
1205 4325 1376 4420 jubebat.
1437 4328 1541 4398 ..lam
1559 4328 1767 4424 lagjaldns

161 4460 365 4531 consiliam
385 4483 500 4554 qoam
518 4457 703 4528 citissime
718 4455 888 4526 abeundi
914 4458 1103 4553 optimam
1124 4471 1256 4547 ratas,
1293 4461 1334 4529 in
1360 4460 1466 4534 viam
1492 4485 1530 4531 se
1544 4461 1680 4530 statim
1697 4459 1767 4527 de-

163 4594 242 4682 dit,
285 4615 484 4686 mmqoam
515 4590 737 4660 intermisso
760 4589 898 4664 itinere
934 4601 1143 4687 anteqvam
1171 4591 1325 4665 domum
1342 4594 1588 4689 perveniret,
1615 4583 1768 4660 itineris

163 4736 320 4797 eventus
336 4724 536 4819 aegerrime
550 4722 694 4814 serens.
