4262 5722
163 787 266 886 qest
286 784 461 885 quamvis
481 783 654 883 pecunia
675 783 725 860 ab
741 785 946 860 Hiskuldo
960 765 1044 856 'non
1064 781 1147 853 sine
1167 781 1345 854 molestia
1372 796 1681 880 recuperaretur,
1708 789 1782 878 ta?

162 943 248 995 men
268 923 382 992 illam
399 920 625 1012 sitifam‘om
642 921 875 1018 relinqvere,
905 913 1069 1012 qvod'ab
1085 914 1283 986 Hiiskuldi
1302 918 1424 990 servis
1451 917 1561 988 ltau'cl
1582 918 1622 988 in
1630 919 1776 1013 sugam

163 1056 358 1148 'conjectus
378 1059 485 1122 es'set.
537 1054 665 1125 Hruti
684 1055 781 1126 socii
807 1051 1015 1123 discrimen
1031 1073 1111 1119 esse
1130 1048 1274 1120 virium
1292 1051 1570 1154 contenderunt
1579 1075 1593 1143 ,·
1619 1051 1778 1122 Hrutus
1845 1066 1852 1074 ·

163 1187 206 1256 id
223 1208 416 1271 securare
432 1186 593 1278 negauit
607 1181 646 1258 8<
664 1199 810 1284 quanto
816 1187 956 1280 plures
970 1193 1095 1253 essent
1110 1181 1249 1270 hostes,
1269 1193 1381 1254 tanto
1397 1183 1574 1276 turpiore
1588 1183 1700 1252 clade
1712 1182 1778 1252 in-

85 1299 86 1302 *
162 1319 349 1388 terituros
372 1317 551 1387 asseruit.
611 1319 712 1408 lam,
728 1319 1001 1392 Laedalenses
1021 1339 1068 1386 ea
1085 1311 1190 1408 eqris
1206 1313 1364 1386 desilire
1386 1339 1495 1410 seqec
1522 1317 1578 1386 ad
1588 1314 1779 1410 proelium
1837 1407 1844 1416 ι

154 1471 321 1544 parare.
373 1449 531 1520 Hrutus
549 1475 637 1524 vero
648 1476 738 1522 euos
746 1449 914 1535 hortari,
931 1473 979 1519 ne
995 1447 1137 1518 virium
1154 1445 1378 1518 discrimine
1391 1461 1635 1518 moverentur
1649 1444 1780 1542 &ipse

161 1603 246 1650 cum
272 1577 383 1650 ltoste
406 1603 642 1654 concurrere.
700 1583 838 1711 Capite
856 1583 1063 1680 galeatae,
1105 1583 1285 1651 strictum
1304 1581 1435 1654 altera
1455 1605 1575 1651 manu
1586 1579 1779 1674 gladium,

160 1713 292 1784 altera
311 1713 493 1808 clypeum
519 1717 695 1811 tenebat,⁸
731 1739 933 1790 armorum
956 1739 1027 1786 usu
1054 1739 1183 1787 omnes
1197 1714 1446 1804 antecelluit,
1486 1727 1637 1810 tumque
1663 1723 1779 1782 tanta

156 1857 248 1917 erat
262 1845 392 1917 Hruti
406 1846 614 1939 ferocitas,
642 1863 688 1922 ut
703 1853 830 1947 pauci
853 1849 965 1920 illum
989 1873 1093 1944 seqre
1087 1849 1297 1920 valerent.
1351 1850 1431 1922 Per
1449 1845 1611 1943 aliatod
1630 1858 1781 1940 tempus

33 1995 41 2000 ·
155 1990 382 2076 pugnatum
400 1977 451 2048 alt
463 1993 630 2076 utraque
641 1997 764 2078 porte
775 1981 957 2075 fortiter,
984 1979 1091 2052 brevi
1104 1992 1234 2052 autem
1251 1957 1402 2076 experti
1416 1975 1781 2052 Laxdoeleneessibi

160 2136 248 2187 curn
277 2109 421 2208 oeqeali
450 2111 562 2182 haud
582 2137 664 2184 esse
684 2115 899 2210 negotium,
925 2111 1093 2184 ulricum
1109 2111 1245 2183 Hruto
1266 2111 1542 2205 conflixerunt,
1583 2110 1780 2183 tummim

159 2269 239 2317 uno
268 2244 418 2338 impetu
438 2244 536 2314 duos
556 2243 789 2316 occidebat·
829 2246 921 2320 lam
942 2242 1222 2315 Laxdcelenses
1245 2268 1397 2338 pacem.
1409 2245 1568 2340 petiere.
1602 2242 1785 2346 *Hrutus

159 2377 263 2448 dixit
285 2399 326 2447 se
351 2375 434 2446 illis
457 2399 553 2448 sane
573 2375 729 2450 veniam
753 2379 959 2466 daturum,
1002 2389 1084 2446 tum
1113 2399 1242 2446 omnes
1266 2377 1465 2449 Hoskuldi
1476 2376 1631 2472 famuli
1649 2373 1786 2479 adhuc!

160 2497 393 2604 superstites
422 2509 573 2600 saucii,
613 2524 781 2608 qeatuor
809 2522 940 2582 autem
973 2509 1099 2582 occisi.
1151 2509 1310 2580 Hrutus
1342 2490 1497 2584 domum
1526 2512 1664 2600 rediit,
1700 2533 1778 2580 non

160 2634 244 2713 sine
260 2631 437 2732 vulnere,
472 2643 583 2715 illius
600 2655 731 2716 autem
745 2644 842 2716 socii
856 2655 929 2714 aut
939 2667 1075 2738 pauca
1093 2657 1341 2740 acceperant,
1367 2631 1622 2741 autexpertes
1638 2615 1785 2716 oulness

161 2755 398 2866 rum'jltere‚
442 2775 526 2868 ipse
548 2779 651 2849 enim
669 2777 827 2850 Hrutus
849 2777 1030 2848 maximis
1052 2779 1349 2874 sese'periculis
1372 2789 1616 2876 exposuerat.
1680 2779 1781 2852 Post

160 2906 264 2978 lianc
277 2931 455 3002 pugnam
474 2910 557 2980 loco
577 2913 842 2984 Orustudalus
860 2909 1020 3008 (pugna
1035 2911 1174 3010 vallis)
1192 2937 1338 2984 nomen.
1390 2913 1470 2986 His
1475 2912 1654 3009 peractis
1663 2907 1780 2982 Hru·
1829 2965 1832 2974 ,

159 3049 223 3108 tus
248 3053 467 3110 armentum
496 3043 729 3126 detruncare
744 3043 918 3140 jubebat.
983 3044 1046 3116 De
1060 3043 1267 3116 Hoslulclo
1282 3046 1560 3138 memoratum,
1585 3047 1781 3142 qvodpo-

156 3170 368 3264 pulatione
382 3188 607 3270 comperta,
631 3175 845 3250 subitarios
862 3175 1049 3272 colligens
1070 3178 1226 3253 domum
1244 3202 1338 3274 equo
1356 3179 1510 3252 vehitur
1516 3203 1531 3272 ,·
1556 3177 1780 3268 eodemsere

163 3315 334 3398 tempore
346 3306 497 3396 famuli
514 3311 666 3378 domum
684 3309 902 3400 redierunt,
928 3331 1112 3406 suamque
1128 3310 1277 3381 cladem
1295 3309 1636 3406 conquerebantur.
1688 3307 1780 3379 Hc-

57 3489 61 3496 .
162 3437 327 3507 slrulelus
351 3440 407 3507 ad
429 3438 513 3508 ltaec
540 3440 602 3509 ira
626 3437 894 3535 effervescens,
930 3452 1049 3535 negat
1067 3443 1300 3512 seaHruto
1318 3442 1464 3535 saepius
1478 3439 1780 3535 populationem

161 3581 280 3665 atqve
302 3571 452 3642 cladem
476 3585 726 3669 accepturum
754 3567 793 3643 δε
810 3597 887 3670 per
914 3583 1038 3644 totum
1056 3569 1159 3644 ltunc
1174 3575 1276 3645 diem
1294 3573 1467 3644 homines
1486 3575 1542 3646 acl
1556 3599 1596 3645 se
1612 3572 1779 3667 collegit.

167 3703 265 3775 Turn
277 3704 571 3778 uxorlorunna
589 3706 761 3778 camillo
781 3706 1014 3801 colloqvium
1025 3719 1183 3801 petens,
1217 3709 1309 3804 qvid
1324 3708 1412 3802 jam
1437 3707 1642 3779 moliretur
1656 3727 1780 3798 rogo-

164 3837 230 3915 ιιι.
283 3836 362 3908 Ille
377 3840 757 3936 respondit:pareae
775 3840 947 3938 eqeidem
960 3833 1145 3942 mollmur
1162 3862 1247 3928 res,
1272 3840 1346 3913 lzoc
1362 3855 1493 3912 autem
1504 3841 1620 3914 cette
1636 3831 1782 3916 coac'ue-¹

161 3969 341 4064 piverim,
358 3981 403 4045 ut
417 3973 465 4043 de
481 3973 577 4042 aliis
589 3973 700 4049 rebus
710 3975 867 4067 potius,
886 3995 1002 4068 qoam
1017 3974 1065 4046 cle
1080 3973 1559 4067 nostrorumscmulorum
1577 3973 1680 4046 coede
1696 3975 1783 4042 ser--¹

162 4124 293 4175 mones
296 4103 563 4198 jactarentur
617 4105 796 4176 Jorunna
812 4105 937 4176 elisit:
963 4106 1177 4198 nefandum
1191 4106 1262 4176 ltoc
1275 4109 1597 4204 estproposetum,
1613 4103 1783 4176 sitalem

165 4233 306 4342 virum,
323 4237 461 4344 qualis
477 4249 534 4307 est
551 4250 640 4308 tuus
645 4238 797 4330 frater,
814 4237 1041 4355 occiderem
1058 4238 1190 4358 animo
1208 4239 1339 4354 becles,
1356 4265 1450 4311 nom
1461 4251 1661 4360 praeterea
1678 4247 1787 4358 sunt,
1801 4211 1805 4216 Ι

165 4367 230 4464 (sei
253 4364 431 4440 Hrutam
453 4370 566 4441 liaud
591 4372 781 4442 immerito
791 4333 938 4464 secisse
961 4343 1184 4461 autument,
1221 4373 1376 4444 etiamsi
1397 4375 1513 4470 prius
1534 4375 1607 4444 lroc
1623 4393 1783 4444 armen·

167 4511 249 4572 tum
264 4499 513 4597 absentasset,
536 4503 627 4602 jam
646 4529 736 4579 vero
756 4505 828 4576 ltoc
846 4481 1098 4596 manifestum
1115 4507 1307 4594 reddidit,
1334 4504 1434 4603 qlod
1452 4503 1739 4604 depellinoluit
1755 4525 1781 4570 a
1880 4533 1888 4548 ·

151 4633 274 4736 justa
301 4606 840 4730 possessioneltoereclitaria.
900 4639 1058 4710 ⁸Verum
1070 4640 1160 4734 jam
1186 4641 1327 4732 opinor
1353 4633 1467 4712 illum
1498 4664 1577 4712 non
1604 4638 1677 4708 ltoc
1717 4655 1781 4702 ce·

165 4767 271 4858 pisse
302 4772 519 4842 consiliam
540 4774 623 4843 litis
655 4784 777 4843 tecum
813 4761 994 4866 agendae,
1038 4763 1152 4868 qvam
1181 4775 1365 4845 alicunde
1391 4783 1530 4843 nactus
1552 4772 1605 4838 sit
1636 4765 1782 4835 auxilii

170 4918 310 4990 spema
323 4901 550 4995 qribusdam
569 4905 822 5000 optimatum3
859 4930 949 4975 nam
969 4873 1138 4976 relatum
1155 4907 1252 4976 milti
1269 4920 1329 4977 est
1345 4903 1609 4974 clandestinos
1624 4898 1782 4974 nuntios

1529 5099 1532 5106 .
1567 5039 1586 5110 1
