4262 5722
831 500 1057 644 ez...

128 771 221 844 gere
229 745 431 846 juberent,
464 761 610 820 terram
627 747 701 822 sibi
722 751 1120 848 adeopropinqvam‚
1154 766 1199 824 ut
1220 775 1345 848 prora
1371 752 1624 843 allideretur,
1664 779 1743 827 sese

128 881 349 976 conspicere
364 881 623 976 affirmarunt.
680 886 820 957 Velam
838 909 927 956 vero
946 899 1035 956 erat
1043 881 1240 980 pansum,
1283 887 1365 956 sine
1391 887 1478 954 ulla
1498 885 1738 956 vehementia

125 1014 243 1083 venti.
300 1013 447 1083 Nautoe
466 1015 603 1087 statim
620 1030 882 1088 surrexerunt.
938 1017 1067 1089 Ornus
1085 1042 1174 1090 vero
1192 1019 1371 1112 rogavit:
1397 1030 1453 1107 ut,
1477 1019 1512 1088 si
1522 1031 1695 1111 possent,
1714 1043 1740 1087 a

126 1155 234 1214 terra
250 1168 404 1215 cursum
423 1147 647 1242 dirigerent.
686 1151 834 1223 Olavus
851 1153 963 1242 dixit,
981 1177 1058 1222 non
1067 1153 1158 1246 jam
1179 1151 1274 1221 talis
1291 1163 1348 1220 est
1367 1163 1593 1220 nostrarum
1609 1173 1738 1220 rerum

124 1277 297 1348 conditio
304 1301 318 1367 ,·
344 1301 413 1370 ego
427 1279 528 1348 enim
538 1281 593 1348 ad
605 1293 808 1378 utrumqve
823 1285 1088 1378 iatasflnctus
1104 1307 1261 1379 surgere
1277 1293 1392 1377 atqve
1418 1306 1555 1376 urgere
1565 1281 1741 1376 puppim

122 1407 331 1501 conspicio.
365 1409 573 1481 Demittite
589 1409 720 1508 itaqve
738 1417 862 1487 velum
871 1416 1085 1508 confestim,
1100 1441 1235 1490 verum
1249 1416 1385 1486 statim
1400 1428 1514 1511 atqve
1532 1415 1739 1500 illucescet,

123 1540 383 1610 consultemus
406 1543 500 1636 qvid
523 1545 679 1615 consilii
701 1547 754 1616 sit
783 1549 1038 1644 capiendum,
1063 1550 1147 1620 haec
1170 1563 1278 1620 terra
1299 1548 1382 1618 iilis
1408 1559 1495 1618 erat
1524 1545 1737 1640 incognita.

99 1771 101 1780 J
125 1673 223 1752 Tum
239 1673 691 1776 demiseruntancharas,
708 1705 791 1775 qvoe
802 1682 973 1772 fundam
989 1683 1367 1776 statim-attigerunt.
1423 1678 1547 1750 Multi
1563 1702 1609 1748 ea
1628 1689 1738 1750 nocte

120 1828 316 1876 sermones
331 1808 378 1877 de
393 1832 455 1894 eo,
497 1833 569 1904 qvo
587 1823 783 1890 terrarum
794 1815 886 1909 jam
906 1815 1157 1898 advenerint,
1192 1837 1324 1888 verum
1351 1811 1417 1881 ubi
1441 1812 1594 1898 illuxit,
1633 1811 1738 1882 hanc

118 1949 270 2008 terram
291 1964 371 2009 esse
386 1940 622 2012 Hiberniam
649 1968 868 2038 cognovere.
935 1949 971 2018 ’.Γ
967 1971 1031 2018 um
1048 1947 1150 2016 dixit
1168 1945 1318 2016 Ornos:
1343 1945 1423 2012 Hic
1438 1943 1548 2012 nobis
1562 1943 1737 2036 iniqvum

107 2069 206 2160 fore
231 2070 448 2164 hospitium
473 2087 634 2144 autumo
642 2101 657 2168 3
703 2077 767 2145 hic
792 2077 893 2146 enim
922 2079 1029 2147 locus
1046 2081 1193 2172 procul
1217 2087 1385 2146 remotus
1401 2073 1451 2142 ab
1474 2073 1556 2142 illis
1576 2073 1736 2166 oppidis

115 2212 236 2294 atqve
245 2201 454 2294 portubus,
472 2203 537 2274 ubi
552 2207 775 2301 peregrinis
793 2220 879 2276 tuta
896 2220 1070 2302 estpars,
1087 2211 1250 2304 jamqve
1275 2206 1385 2276 nobis
1416 2205 1734 2301 qvemadmodum

113 2333 358 2403 testudinibus
367 2334 404 2432 *)
417 2360 526 2406 mare
535 2339 815 2433 recessitatqve
831 2339 871 2409 in
888 2339 1083 2410 aridonos
1092 2340 1249 2435 reliqvit
1258 2363 1272 2428 ,·
1287 2340 1356 2407 sed
1362 2337 1617 2407 lrlandorum
1633 2335 1733 2428 legi-

115 2465 188 2534 bus
204 2466 276 2534 hoc
292 2469 496 2538 convenire
510 2482 683 2559 autumo,
699 2481 744 2542 ut
763 2495 891 2541 omnes
909 2471 1009 2542 istas
1025 2495 1129 2566 opes,
1155 2494 1238 2566 qvae
1256 2469 1363 2540 nobis
1375 2481 1526 2565 proesto
1541 2467 1631 2556 sint,
1653 2481 1733 2560 pro

9 2621 13 2658 r
114 2596 200 2666 suis
213 2599 353 2691 spoliis
366 2599 550 2687 habeant,
579 2615 658 2673 tum
677 2604 778 2672 enim
801 2627 922 2676 naves
937 2628 1017 2698 pro
1045 2603 1155 2676 bonis
1172 2605 1214 2674 in
1238 2603 1351 2672 littus
1378 2602 1508 2696 ejectis
1538 2611 1733 2693 occupant
1783 2671 1791 2686 ,

113 2731 273 2826 qvando
289 2756 397 2803 mare
413 2734 525 2804 haud
542 2748 696 2806 tantum
714 2749 901 2830 qvantum
923 2759 1067 2806 nuncu
1089 2737 1225 2830 puppi
1241 2735 1406 2805 recessit.
1475 2736 1623 2804 Olovus
1649 2731 1732 2798 illis

111 2864 190 2934 hoc
206 2865 316 2934 haud
342 2867 486 2936 damno
508 2867 699 2960 futurum
721 2869 902 2939 assernit.
967 2869 1113 2938 Tamen
1136 2867 1251 2936 hodie
1281 2866 1464 2960 conspexi
1492 2863 1665 2934 homines
1689 2864 1731 2932 in

111 2997 331 3066 continenti
348 3001 578 3092 congregari
594 2983 709 3094 atqve
725 3002 804 3072 scio
820 3002 936 3095 hujus
953 3025 1005 3070 na
1014 3002 1068 3070 vis
1086 3001 1296 3068 adventum
1314 2997 1580 3066 Hibernorum
1594 3007 1729 3064 atten-

9 3171 10 3180 κ
111 3129 261 3201 tionem
278 3129 373 3200 inse
389 3132 640 3222 convertisse,·
667 3133 739 3201 hoc
755 3157 896 3226 qvoqve
914 3130 1029 3200 hodie
1045 3129 1226 3221 comperi,
1242 3131 1410 3198 durante
1424 3129 1547 3197 maris
1565 3149 1726 3213 recessu,

112 3261 220 3356 qvod
240 3261 382 3332 ostium
401 3262 585 3354 fluminis
607 3287 633 3331 a
653 3265 777 3332 latere
809 3262 926 3355 hujus
948 3260 1215 3355 promontorii
1242 3260 1398 3351 patuit,
1443 3261 1613 3351 qvodqve
1639 3257 1728 3325 inde

105 3392 254 3483 facilis
268 3403 357 3461 erat
371 3416 542 3463 recessus
556 3417 688 3490 aqvas,
715 3395 846 3490 itaqve
864 3393 899 3462 si
912 3392 1027 3463 navis
1047 3391 1176 3460 illoesa
1196 3401 1271 3478 est,
1306 3389 1473 3458 demissa
1497 3385 1633 3482 cymba
1650 3409 1729 3454 na-

109 3525 196 3598 vim
213 3548 257 3593 eo
267 3525 483 3618 perducere
493 3528 642 3621 placet.
699 3527 929 3624 Argillosus
945 3514 1197 3615 eratsandus
1218 3523 1287 3598 ubi
1311 3525 1479 3592 durante
1508 3519 1631 3588 maris
1660 3542 1727 3588 re-

112 3679 225 3726 cessu
241 3655 356 3726 navis
360 3657 561 3752 jacuerat,
579 3671 646 3730 ne'c
661 3685 762 3732 unus
779 3661 928 3758 qvidem
947 3658 1061 3728 navis
1072 3680 1180 3726 asser
1196 3668 1283 3725 erat
1300 3657 1427 3726 lasus.
1487 3653 1577 3724 Jam
1593 3650 1727 3720 navim

111 3787 158 3856 in
173 3788 313 3858 ostium
334 3792 553 3885 perduxere
578 3807 694 3892 atqve
720 3792 937 3864 anchoram
953 3791 1086 3882 jecere.
1163 3791 1334 3884 Vespere
1367 3784 1726 3894 appropinquante,

107 3921 314 3998 hominum
328 3945 474 4016 magna
492 3926 704 3994 multitudo
721 3927 762 3994 in
779 3927 913 3993 littore
932 3933 1189 4018 congregata,
1223 3923 1299 3990 dno
1330 3919 1466 3988 deinde
1490 3915 1567 3988 viri
1588 3912 1725 4008 cymba

108 4053 170 4120 ad
185 4051 320 4121 navim
336 4055 446 4140 vecti,
473 4068 668 4150 rogantes,
687 4057 751 4150 qvi
769 4057 941 4125 homines
958 4055 1061 4124 hanc
1086 4053 1220 4122 navim
1239 4051 1514 4145 gubernarent.
1577 4047 1727 4116 Olavus

107 4180 392 4273 respondebat,
427 4181 465 4256 8<
483 4185 633 4281 qvidem
654 4187 789 4281 lingva
808 4186 1029 4271 hibernica,
1055 4207 1130 4278 qva
1151 4183 1263 4254 illum
1281 4179 1591 4275 alloqvebantur.
1642 4177 1726 4245 Hi-

109 4311 226 4384 berni
243 4301 374 4384 autem
405 4303 683 4413 comperientes
707 4343 770 4390 eos
797 4319 971 4388 homines
998 4341 1078 4386 esse
1098 4316 1325 4410 Ncrvagos,
1349 4311 1544 4408 rogabant
1560 4323 1610 4380 ut¹
1624 4312 1725 4404 leges

110 4443 373 4538 respicerent,
416 4450 560 4546 sibiqve
581 4475 672 4546 opes
693 4453 905 4538 traderent,
941 4449 1128 4542 simulqve
1151 4444 1433 4538 confirmabant
1454 4469 1504 4524 eo,
1520 4455 1641 4537 pacto
1666 4439 1727 4510 nii

113 4576 241 4670 iniqvi
258 4575 299 4648 in
323 4603 386 4650 eos
407 4596 685 4683 perpetratum
708 4586 779 4669 iri,
805 4595 1014 4678 anteqvam
1033 4602 1245 4650 rexeorum
1267 4601 1446 4648 caussam
1471 4573 1722 4669 cognovisset.

114 4779 389 4800 Ἤ

167 4893 197 4976 *)
224 4898 449 4962 testudinibus:
462 4905 594 4978 proprie
611 4902 830 4972 Gasterosteis,
848 4921 915 4979 qva
932 4919 991 4958 vox
1007 4919 1076 4957 cum
1095 4900 1194 4956 latine
1208 4895 1293 4953 nullo
1308 4890 1396 4948 nicola
1420 4888 1485 4944 dici
1509 4891 1617 4961 qveat,
1650 4878 1725 4954 qvia

151 5063 156 5068 .
246 5017 351 5076 miuus
374 5017 497 5078 videtur
519 5019 697 5090 convenire,
718 5020 978 5094 permutationem
999 5015 1189 5080 animalium
1206 5009 1259 5066 hic
1274 5006 1381 5063 utilem
1405 4997 1602 5058 habebamus·
