4274 5728
799 563 801 568 ψ
858 526 1067 654 ιιι..

153 805 219 856 nee
242 795 388 854 nostres
409 803 471 854 res
494 779 537 852 ia
564 791 634 852 tua
654 749 855 876 potestate
877 780 966 854 sitoe
989 793 1091 852 suat.
1119 784 1196 861 'Id
1218 783 1368 877 quidem
1388 809 1552 876 oerum,v
1568 794 1670 886 qaod
1691 793 1768 863 lmo

159 919 240 1012 lege
259 941 330 1014 ego
348 917 389 987 in
399 916 601 1009 Norvogia
621 915 847 1012 religionem
861 915 1070 1007 accipiam,
1097 927 1141 986 ut
1150 917 1336 1012 proxima
1353 920 1499 1014 hyeme,
1526 947 1636 1018 quom
1653 927 1694 996 in
1703 927 1769 996 Is·

152 1048 293 1121 londin
312 1051 451 1144 degero
457 1101 471 1143 ,
503 1049 673 1120 Tborum
687 1050 810 1144 parri
830 1049 1053 1120 existimem.
1112 1050 1206 1121 Tum
1229 1076 1296 1123 rex
1318 1049 1521 1124 subridens
1545 1060 1770 1174 respoudit:

149 1181 274 1251 Hoc
261 1206 302 1250 ιιι
327 1183 521 1278 Kjartani
546 1183 697 1283 quidem
721 1186 834 1256 vultu
858 1165 1129 1276 conspicuum:
1163 1186 1260 1279 qood
1283 1187 1471 1282 majorem
1496 1188 1537 1257 in
1564 1189 1698 1260 robore
1721 1217 1769 1261 aa

150 1313 274 1384 armis
297 1313 453 1410 reponit
465 1315 678 1410 fiduciam}
721 1343 836 1412 quom
856 1315 897 1386 in
918 1315 1045 1384 Tboro
1066 1329 1137 1386 out
1156 1319 1292 1388 Odius.
1344 1321 1426 1390 Hic
1435 1319 1534 1413 finis
1551 1327 1766 1396 conventui

147 1447 369 1543 Aliquanto
387 1459 558 1546 tempore
573 1461 668 1542 post
692 1431 808 1520 multi
834 1471 960 1542 regern
985 1446 1269 1522 hortabantur:
1314 1443 1615 1546 utKjartauum
1635 1457 1768 1527 illius·
1826 1485 1830 1494 ’

148 1605 220 1676 qve
245 1583 371 1652 socios
406 1583 474 1652 ad
486 1583 715 1676 religionem
742 1582 1015 1678 ac'oipie'nclbm
1040 1597 1207 1676 cogeret,
1250 1585 1360 1656 baud
1385 1589 1485 1656 enim
1519 1591 1766 1661 tolerandam

141 1713 346 1810 putabant
373 1729 431 1788 tot
453 1739 708 1811 paganorum
733 1716 929 1791 oisiuiam.
982 1717 1068 1788 Rex
1094 1718 1282 1788 iracunde
1302 1722 1519 1812 respondit:
1553 1723 1767 1818 sequidem
1849 1737 1852 1746 '

145 1827 362 1936 arbitrari,
394 1851 647 1926 multos-esse
672 1851 945 1954 christianos,¹
970 1849 1105 1944 quibus
1129 1849 1239 1919 baud
1262 1865 1387 1922 essent
1403 1877 1528 1926 mores
1551 1856 1609 1924 itu
1638 1857 1768 1937 insul·-¹

141 1983 257 2078 pati,
291 1996 335 2052 ιιι
356 1981 558 2076 Kjartano
584 1997 699 2079 atqve
731 1985 843 2054 illius
871 1981 995 2052 sociis.
1027 1983 1259 2076 ¹liquidem,
1293 1983 1437 2078 inquit,
1474 1989 1575 2056 tales
1596 1987 1674 2058 oiri
1700 1989 1795 2060 diu·

143 2115 399 2209 exspectandi
415 2126 517 2184 sunt.
558 2115 641 2184 lllu
658 2116 794 2208 hyeme
816 2137 885 2183 rex
906 2114 1034 2182 multa
1056 2114 1174 2182 utilia
1192 2137 1311 2206 opera
1328 2116 1569 2208 perficienda
1591 2118 1767 2212 ourooit;
1825 2119 1842 2138 '
1877 2183 1881 2190 .

144 2247 207 2320 nti
226 2247 411 2340 templum
431 2243 726 2339 (edificandum,
768 2246 1006 2340 multumque
1030 2245 1245 2339 emporium
1268 2247 1554 2342 ampliandum.
1605 2251 1657 2322 lo
1682 2253 1766 2347 qoi-

143 2383 232 2452 elem
257 2380 442 2472 templum
464 2377 618 2448 lulensi
633 2379 743 2469 sesto
764 2379 993 2472 perfectum.
1053 2379 1150 2449 Tum
1173 2379 1397 2472 Kjeirtaaus
1421 2381 1501 2451 suis
1523 2383 1643 2452 dixit:
1669 2385 1767 2454 acleo

139 2527 273 2610 prope
291 2512 356 2581 orl.
372 2511 558 2605 templum
582 2510 675 2579 illos
695 2533 941 2602 accessuros,
974 2522 1019 2580 ut
1044 2511 1254 2582 christiani
1278 2513 1380 2582 ritus
1402 2515 1594 2587 rationem
1622 2516 1767 2587 intueri

141 2645 328 2744 quirent.
360 2645 450 2730 Hos
466 2643 584 2732 multi
604 2642 798 2737 probare,
822 2644 1016 2738 multoque
1033 2644 1082 2712 ill
1082 2645 1238 2736 occisore
1262 2644 1540 2718 oblectamento
1560 2648 1767 2743 affirmare.

140 2781 283 2881 Itaque
298 2777 522 2874 Kjartunus
537 2799 585 2844 ao
597 2777 759 2848 Bollius
785 2801 871 2849 cum
890 2777 1064 2871 ipsorum
1079 2778 1286 2862 comitatu,
1312 2791 1488 2873 sequente
1509 2781 1628 2850 etium
1639 2782 1766 2852 Halt-

111 2953 113 2958 =
130 2913 256 3004 fredo
277 2910 485 3017 multisque
509 2909 605 2976 altis
625 2909 824 2996 Islancles,
863 2912 1049 3003 templum
1069 2911 1212 2984 adiere.
1268 2913 1353 2988 Rex
1373 2913 1420 2982 de
1437 2914 1496 2980 re
1496 2937 1623 3006 igione
1639 2915 1766 2984 multa
1799 2989 1802 2998 Ἰ
1855 2949 1857 2956 ·

141 3069 193 3114 aa
210 3043 361 3111 diserta
375 3035 472 3131 fecit
491 3038 628 3128 uerba3
674 3039 886 3107 christiani
909 3041 1019 3108 illius
1045 3043 1260 3109 orationem
1286 3043 1452 3111 multum
1480 3045 1765 3116 collaudavere

141 3174 346 3272 Kjartano
364 3195 412 3240 ao
429 3169 554 3268 sociis,
583 3191 669 3237 oum
694 3170 735 3238 in
760 3193 833 3238 sua
857 3151 1034 3240 cubicula
1059 3171 1277 3255 rediissent,
1304 3173 1420 3242 multi
1438 3175 1485 3243 cle
1502 3175 1545 3243 eo
1562 3198 1766 3261 sermones,

142 3307 338 3406 'quomodo
359 3303 464 3394 regis
489 3310 672 3393 aspectus
695 3301 801 3370 uisus
829 3302 900 3389 sit,
941 3325 988 3370 ea
1006 3303 1087 3388 die,
1127 3325 1207 3394 qvae
1225 3303 1456 3371 christianis
1471 3325 1617 3373 summo
1634 3327 1785 3399 eorum¹

130 3441 246 3532 festa
261 3435 448 3531 proxima
470 3433 532 3501 sit.
567 3429 779 3520 Noslenim,
808 3432 949 3520 dixere,
977 3455 1101 3526 regem
1117 3431 1341 3504 audiuimus
1354 3433 1626 3532 affirmantem,
1654 3433 1765 3507 illum
1824 3531 1828 3542 ’

53 3554 54 3558 Ν
138 3565 457 3669 principantes
472 3574 583 3648 nocte
599 3587 679 3648 esse
696 3575 845 3652 aarum,
864 3563 1056 3658 ‚armos
1074 3565 1338 3652 coteutossit,
1353 3567 1387 3634 εἰ
1402 3569 1485 3661 regi
1499 3568 1642 3646 erimus
1661 3571 1768 3643 dicte

141 3703 360 3778 audientes.
406 3696 769 3792 BJartanusdrxst
795 3695 1314 3795 itamibrorsusrexprzma
1332 3698 1585 3794 postiemum,
1612 3683 1764 3795 qvando
1855 3719 1859 3728 ·

142 3837 260 3908 illum
274 3857 413 3928 aspera
420 3880 435 3920 ,
459 3840 504 3899 ut
528 3829 667 3898 statim
685 3829 975 3924 intelligeremi
962 3831 1075 3902 illum
1094 3830 1471 3928 proestantissimum
1486 3831 1612 3904 virum
1631 3830 1765 3904 esse&
1803 3911 1806 3918 ,

136 3955 285 4062 postea
303 3985 468 4062 semper
473 3957 626 4029 talis
586 3983 692 4031 vesus
709 3975 766 4030 est
775 4011 791 4050 ,
830 3963 986 4057 qvando
1005 3987 1077 4058 ego
1101 3963 1149 4032 ill
1149 3988 1213 4032 um
1231 3963 1273 4034 in
1290 3963 1539 4035 conventibus
1552 3989 1764 4062 conspexe-

142 4097 241 4182 rim,
283 4077 399 4164 boelio
424 4102 555 4161 tamen
580 4101 755 4194 aspectu
767 4075 1059 4185 pulcherrimus
1083 4093 1181 4162 mibi
1207 4095 1315 4164 visus
1334 4108 1409 4183 est,
1442 4093 1479 4168 δ(
1498 4095 1570 4168 lzoc
1583 4099 1762 4193 profesto

141 4221 315 4299 maxime
326 4237 551 4296 nostrarum
570 4233 700 4294 rerum
715 4221 901 4292 interesse
919 4205 1113 4313 arbitror,
1138 4225 1322 4312 utillum,
1350 4251 1456 4320 qvem
1474 4235 1542 4299 'rex
1552 4232 1764 4326 proecliuat

143 4383 283 4436 verum
299 4383 380 4431 esse
392 4361 519 4433 Deum
534 4358 750 4440 credamus,
767 4379 847 4426 :nee
861 4355 945 4425 ullo
956 4358 1175 4450 pactojam
1191 4381 1259 4427 rex
1252 4357 1763 4464 vehementiusolesiclerare

16 4509 19 4524 ⁸
140 4504 297 4590 potest,
321 4492 384 4564 uti
401 4517 472 4590 ego
492 4489 720 4598 religionem
740 4489 957 4584 accipiam,
991 4513 1108 4586 qvam
1125 4515 1197 4583 ego
1210 4491 1417 4586 baptizari
1428 4496 1628 4583 desidero,
1649 4496 1764 4588 jam-

144 4649 219 4724 que
237 4625 314 4696 boo
326 4626 425 4698 mibi
433 4625 559 4695 solum
575 4619 720 4705 obstat,
738 4593 941 4718 quominus
954 4592 1063 4692 illiso
1074 4645 1199 4716 regern
1209 4627 1450 4716 conveniam,
1471 4625 1673 4722 qvodjam
1686 4621 1765 4690 acl-

143 4756 409 4850 uesporosoit,
444 4778 571 4849 regem
584 4753 675 4848 jam
699 4754 786 4822 icleo
809 4753 1036 4832 accumbere
1049 4771 1232 4849 autumo,
1266 4785 1414 4854 magna
1432 4769 1565 4827 autem
1587 4753 1772 4860 absume-j

149 4885 313 4959 turrliei
328 4912 451 4980 pars,
483 4889 637 4984 qvando
664 4911 733 4957 nos
762 4912 890 4958 omnes
914 4890 1009 4959 socii
1032 4889 1338 4983 baptizabimur.
1382 4885 1773 4982 Bulliuslzoeoloetus
