4282 5714
877 521 996 608 -43

134 749 283 843 'virum
299 769 428 842 minus
443 769 665 850 honestum,
693 755 763 838 sed
781 779 909 840 tamen
927 768 1110 840 violentur
1126 767 1207 858 illi,
1241 767 1305 864 qoi
1327 765 1398 839 tihi
1427 765 1772 860 auxiliumferanl

154 903 248 976 viooe
271 892 391 998 atque
420 922 538 997 apum
557 898 942 994 suhire1perioulum3
979 913 1061 974 tam
1086 914 1266 998 polentes
1297 901 1398 977 enim
1428 901 1533 974 viros
1565 903 1771 986 reorhane

154 1059 319 1112 caueam
340 1045 618 1128 persecuturos
634 1031 740 1123 sore.
778 1034 1033 1130 Praeterea,
1077 1035 1203 1132 inquil
1236 1035 1276 1108 V
1276 1033 1453 1134 egdesa
1412 1085 1424 1119 ,
1465 1038 1557 1106 novi
1583 1037 1771 1110 maritum

153 1191 280 1240 meum
308 1167 343 1238 T
339 1169 504 1238 hoedum
534 1189 615 1236 esse
633 1167 769 1277 yirum
794 1167 905 1238 ΙιιιιιιΙ
933 1168 1069 1262 magni
1099 1169 1249 1265 quidem
1276 1165 1420 1252 animi,
1464 1167 1532 1238 sed
1562 1169 1772 1239 minitante

149 1267 331 1398 periculo
378 1268 563 1369 muliebre
591 1301 811 1395 concilium
837 1301 1066 1396 plerumque
1105 1301 1290 1388 vacillat,
1350 1322 1482 1372 oerum
1527 1283 1656 1371 lamen
1694 1323 1772 1370 non

155 1435 294 1506 suadet
317 1433 473 1503 animus
497 1445 540 1502 ut
568 1431 640 1502 tihi
663 1424 818 1502 omniuo
845 1431 1040 1538 auxilium
1065 1433 1256 1528 denegem,
1280 1457 1366 1502 cum
1390 1431 1465 1503 huc
1484 1435 1540 1503 ael
1561 1435 1772 1527 petendam

156 1566 364 1662 opernjam
381 1565 597 1636 adveneris.
657 1567 753 1636 Tum
772 1565 825 1640 V
811 1566 939 1659 egdssa
955 1567 1017 1636 ill
1016 1591 1081 1636 um
1099 1567 1156 1635 ad
1177 1535 1401 1636 solitarium
1422 1567 1660 1660 penuarium
1676 1589 1772 1635 con

152 1700 309 1768 ductum
325 1720 404 1770 sese
421 1699 569 1794 operire
563 1696 764 1790 jubebat,
762 1711 921 1792 tuncque
937 1722 957 1766 c
959 1699 1083 1768 lausit
1095 1698 1345 1792 penuarium.
1396 1695 1550 1772 Deinde
1575 1700 1773 1770 Thoedum

152 1831 331 1904 convenit
354 1831 413 1900 ita
436 1833 590 1901 locuta:
624 1831 705 1900 Hie
717 1831 807 1924 jam
833 1831 1081 1906 aduenit'eir
1100 1832 1317 1924 Thorolsus
1345 1834 1499 1910 nomine
1517 1857 1682 1928 poscens
1696 1831 1771 1937 ²¹⁰⁷.

150 1965 328 2060 epulum,
355 1961 452 2032 mihi
476 1964 686 2059 aliquanta
704 1962 1045 2056 consanguinitate
1071 1965 1316 2058 conjunctus,
1357 1959 1395 2034 8<
1418 1965 1482 2034 hic
1511 1966 1662 2060 quidem
1679 1966 1769 2034 lon-

145 2099 238 2192 gius
262 2095 496 2165 commorari
523 2119 720 2163 necessum
748 2094 822 2163 sihi
839 2105 1034 2194 autumat,
1061 2095 1095 2164 si
1119 2118 1195 2186 per
1217 2108 1252 2164 le
1269 2097 1397 2164 liceat.
1472 2097 1650 2166 Thoedus
1677 2118 1767 2165 uero

152 2228 256 2299 lalia
276 2225 454 2317 hospitia
479 2225 554 2294 sili
574 2250 724 2319 parum
741 2227 903 2319 placere
921 2223 1148 2318 affirmans,
1186 2225 1297 2295 illum
1316 2253 1349 2294 se
1343 2227 1489 2297 nullis
1507 2240 1607 2310 esset
1629 2227 1768 2320 impli-

151 2361 252 2432 eilus
268 2347 565 2452 dffcullalibus
581 2359 693 2430 illam
710 2359 811 2427 diem
827 2355 881 2426 ibi
902 2380 1134 2451 requiescere
1142 2355 1325 2451 jubebat
1353 2357 1414 2428 sin
1435 2354 1554 2428 aliler'
1573 2372 1672 2428 esset
1695 2383 1767 2448 res,

98 2551 102 2560 .
150 2493 289 2565 statim
313 2487 433 2596 ubire.
476 2487 607 2561 “Tunc
629 2491 815 2586 Vigdisa.
847 2491 938 2578 lam
958 2501 1097 2578 aulea,
1126 2490 1269 2586 inquil,
1303 2482 1525 2585 hospilioil
1492 2492 1605 2562 um
1623 2513 1767 2586 excepi,

151 2627 315 2724 neejam
330 2625 371 2694 ἰιι
386 2623 681 2712 animemed,
710 2644 798 2720 vqvae
809 2623 1072 2718 promiserim,
1093 2643 1296 2712 revocare,
1337 2626 1412 2701 etsi
1429 2626 1672 2723 asserendam
1685 2626 1766 2696 ml·-

151 2787 225 2836 nus
237 2760 356 2854 felici
367 2757 545 2838 ansieilia
562 2770 723 2832 utatur..
754 2725 919 2858 'Deinde
940 2749 1306 2838 Tharclossmemorat
1319 2758 1441 2844 Hulli
1458 2781 1595 2848 necem,
1611 2752 1649 2830 8<
1668 2759 1769 2854 qood

157 2891 443 2994 Thorolfusill
443 2915 507 2966 ιιιιι
532 2890 796 2992 ιἰιΙειΙιιίιιίΙ.
872 2892 968 2962 Tum
991 2915 1079 2962 vero
1107 2890 1285 2962 Thordus
1306 2873 1373 2960 ira
1407 2891 1637 2962 commoveri
1660 2915 1768 2986 seqre

153 3040 257 3100 certo
281 3024 380 3094 scire
410 3023 609 3118 affirmare
631 3026 859 3123 Ingjaldum
892 3025 1059 3092 multam
1093 3021 1168 3090 sibi
1191 3024 1404 3133 pecuniam
1434 3023 1663 3096 ablaturum
1690 3047 1767 3118 pro

153 3184 215 3252 eo,
242 3158 378 3255 qood
354 3179 444 3252 Jam
467 3155 679 3227 exhibitum
704 3169 814 3243 esset,
852 3156 1027 3241 auxilio,
1070 3157 1225 3251 quaudo
1246 3154 1337 3224 huic
1357 3155 1506 3226 homini
1528 3153 1768 3224 domicilium

154 3291 434 3366 concederetur.
508 3289 614 3358 Τιιιιο
643 3291 829 3382 Vigdisa:
868 3311 945 3356 non
983 3282 1054 3355 tibi
1099 3285 1144 3356 ob
1167 3287 1283 3355 unius
1311 3287 1435 3356 noctis
1461 3287 1677 3379 hospitium
1694 3287 1770 3356 In-

149 3427 314 3525 gjoldus
328 3421 539 3518 pecuniam
564 3417 738 3510 auferet,
771 3442 863 3487 nam
875 3441 953 3512 per
976 3430 1101 3490 totam
1129 3417 1303 3512 hyemem
1323 3417 1387 3486 illi
1410 3416 1625 3510 hospitium
1655 3418 1771 3488 exhi·

155 3553 242 3638 he're'
261 3557 303 3628 in
321 3547 538 3650 animoesl.
607 3545 785 3622 sl'leordus
815 3550 1042 3645 respondit:
1074 3547 1151 3620 tali
1176 3554 1271 3619 seiae
1301 3549 1414 3618 mollo
1441 3547 1539 3618 mihi
1549 3541 1770 3646 plurimum

153 3695 334 3770 iuducere
350 3689 458 3762 vales
475 3685 657 3782 periculi,
676 3679 713 3754 δι
734 3707 850 3778 qoam
862 3683 1194 3770 maximahoceet
1215 3694 1353 3784 eontra
1370 3705 1497 3765 meam
1518 3685 1769 3775 voluntatem,

153 3827 256 3926 qood
270 3825 384 3898 homo
410 3833 522 3892 tanto
548 3817 768 3910 infortunio
795 3809 1019 3922 implicitus
1037 3815 1102 3886 hic
1127 3827 1339 3924 renmneah
1397 3815 1541 3892 Tamen
1561 3816 1771 3938 Thorolfus

149 3983 226 4056 per
254 3959 428 4052 hyemem
458 3951 511 4020 ihi
542 3948 867 4022 commorabatur.
937 3950 1026 4020 Hoc
1048 3951 1104 4020 ael
1121 3950 1371 4052 Ingjalclum,
1410 3949 1635 4040 euisratris
1655 3951 1771 4021 occisi

157 4111 301 4162 caussa
317 4084 598 4180 persequenda,
624 4083 800 4150 delatum
821 4057 888 4152 esi.
947 4080 1094 4176 Itaque
1107 4081 1176 4151 sub
1189 4081 1312 4174 finem
1335 4081 1485 4175 hyemis
1507 4083 1594 4152 ad
1581 4083 1772 4154 interiora

160 4217 342 4296 Vallum
358 4239 415 4286 ere
427 4225 573 4309 parat
597 4209 955 4307 scaphamiliiq'sie,
987 4237 1071 4309 qooe
1089 4237 1167 4307 epse
1159 4211 1301 4303 essel
1328 4224 1431 4284 'cum
1439 4215 1541 4286 XII
1535 4167 1772 4304 sathanan,

157 4351 213 4424 ἃ.
224 4347 676 4438 vehementiorefereute
703 4369 824 4418 cauro
849 4346 890 4416 in
917 4347 1016 4416 oslio
1042 4346 1226 4440 fluminis
1249 4347 1368 4418 Loxe
1401 4352 1559 4444 uespere
1588 4351 1770 4445 ἰιιΙριιΙίΙς

157 4485 313 4582 scapha
335 4481 525 4553 subducto
555 4465 859 4575 eodemoesp'ere
875 4480 1155 4558 Gaddaslados
1171 4491 1403 4575 perventum
1427 4491 1512 4572 ιιι,
1547 4506 1615 4556 nee
1637 4481 1772 4577 inopi-

158 4632 255 4695 nato
272 4617 422 4716 aridem
427 4662 455 4706 ,.
467 4613 628 4708 benigne
646 4623 779 4684 tamen
789 4615 1065 4714 exceptiones.
1119 4613 1337 4722 lagjaldus.
1350 4616 1623 4710 Thordumged
1635 4635 1771 4700 ‚seere-

162 4767 241 4828 lum
255 4749 487 4845 colloquium
509 4745 685 4820 evocavit
703 4759 818 4843 atqve
836 4724 937 4818 dixit
949 4748 1147 4850 negotium
1160 4763 1331 4846 propter
1347 4751 1447 4851 qood
1460 4749 1646 4864 venisset}
1679 4769 1773 4816 narn

161 4886 389 4982 comperisse
415 4905 454 4951 se
479 4879 706 4972 Thorolfum
715 4881 870 4974 fiatris
888 4905 949 4954 sue
942 4881 1294 5014 'interfectorem
1273 4881 1326 4951 ibi
1342 4879 1585 4952 commorari.
1644 4878 1771 4949 Thor-

1492 5013 1697 5088 Fs'
