4272 5728
1090 629 1304 748 „goc-

588 891 715 980 Quum
731 907 820 960 cero
832 893 972 981 postea
986 877 1113 952 literis
1124 889 1162 949 et
1176 873 1320 972 sigillis
1334 871 1479 963 eadem,
1497 893 1546 944 ac
1563 863 1910 946 hisceierteiknum,
1923 857 2007 928 ad·

248 1049 259 1056 ·
391 1035 642 1128 sequerentur
667 1019 842 1116 antiqui,
880 1016 962 1089 ueri
987 1010 1230 1125 simillimum
1254 1009 1427 1097 videtur,
1468 1005 1510 1078 in
1536 1028 1610 1120 usu
1625 1001 1761 1095 fuisse
1779 997 1864 1070 nec
1885 993 2004 1088 signa

390 1183 494 1248 oeeo,
520 1157 556 1228 si
573 1179 657 1230 non
667 1167 757 1226 arte
777 1148 970 1224 scribendi
988 1114 1229 1242 antiquiore,
1260 1154 1438 1212 attamen
1460 1163 1523 1226 eo,
1552 1160 1626 1233 quo
1642 1133 1747 1206 lsanc
1759 1128 1934 1204 nondum
1949 1125 2006 1194 ad

387 1290 579 1388 graviora
603 1287 789 1362 adhibere
809 1285 1052 1369 didicerant,
1085 1301 1202 1376 quam
1219 1277 1275 1348 ad
1290 1273 1420 1348 brevia
1438 1269 1650 1368 epitaphia
1674 1279 1794 1363 atque
1813 1261 2006 1332 incauta-

388 1435 543 1514 mento,
566 1421 647 1510 oei,
674 1416 987 1514 ubiplurimum‚
1013 1415 1070 1486 ad
1087 1422 1293 1486 stemmata
1314 1405 1592 1505 genealogica,
1619 1399 1740 1497 lignis
1755 1407 1829 1468 aut
1847 1390 2006 1488 lapidi-

390 1555 461 1630 bus
478 1551 724 1628 inscribenda
734 1600 748 1640 ,
786 1573 865 1620 non
882 1560 1013 1620 autem
1027 1544 1276 1630 membrana,
1301 1543 1411 1637 eujus
1426 1541 1483 1612 ad
1490 1536 1736 1610 scribendum
1753 1551 1848 1602 usus
1863 1525 2007 1609 serius,
2133 1527 2134 1530 ’

263 1749 268 1755 .
391 1711 513 1785 opera
529 1682 712 1808 inprimis
724 1682 1031 1754 christianorum
1045 1673 1510 1750 manachoruminealuit.
1564 1671 1691 1760 Quum
1700 1659 2008 1762 igitureecurrit

390 1793 622 1896 uocabulum
637 1817 851 1906 Jsrteiknir,
879 1827 1068 1912 tanquam
1084 1836 1119 1881 sc
1111 1811 1221 1882 lsaec
1241 1811 1355 1905 signa
1382 1811 1423 1882 in
1438 1803 1638 1901 Noroegia
1664 1812 1837 1894 ternpore
1859 1793 2007 1866 etiam-

391 1977 483 2028 num
501 1949 616 2023 Oloei
633 1947 802 2020 Sancti'
787 1973 829 2020 en
843 1973 916 2020 usu
933 1959 1081 2034 essent,
1116 1945 1189 2018 noc
1200 1957 1418 2041 propterea
1431 1939 1522 2035 fieri
1542 1937 1757 2024 credimus,
1782 1928 1896 2029 quod
1910 1938 2007 1998 tunc

392 2082 579 2181 temporie
598 2080 791 2176 epistolas
813 2079 978 2152 scribere
998 2082 1169 2152 nondum
1189 2077 1430 2167 didicerant,·
1455 2075 1499 2146 id
1512 2073 1616 2171 quod
1634 2069 1754 2143 etiam
1774 2068 2006 2138 documento

391 2242 472 2292 esse
483 2226 628 2313 potest,
651 2213 848 2286 missum
865 2214 1019 2286 illudet
1038 2213 1251 2308 signum,
1277 2211 1380 2308 quod
1394 2208 1622 2304 Ansgarius
1639 2201 1794 2276 nomine
1811 2192 2006 2292 regisJu-

393 2353 460 2424 tia
477 2349 609 2436 Erici,
632 2349 688 2418 ad
708 2348 889 2440 Olenum,
915 2349 1118 2420 Succorum
1135 2370 1282 2441 regem,
1310 2340 1512 2437 attulit*),
1539 2342 1598 2412 ita
1622 2361 1703 2412 esss
1729 2336 2006 2427 interpretan-

389 2486 495 2572 dum,
521 2493 565 2554 ut
583 2491 655 2552 aut
675 2479 912 2576 Ordsending
928 2494 965 2552 et
979 2479 1141 2554 Jerteikn
1158 2477 1296 2576 (versio
1313 2477 1479 2574 antiqua
1494 2477 1598 2550 Sacc.
1616 2469 1733 2544 nates
1746 2459 2006 2539 BudetWer-

389 2629 476 2712 tegn
492 2611 568 2710 Ὅ,
594 2625 667 2684 aut
681 2614 892 2708 epistolam
906 2611 956 2682 ab
974 2615 1061 2708 ipso
1072 2612 1277 2706 Ansgario
1292 2635 1368 2706 pro
1383 2635 1472 2708 rege
1488 2609 1733 2706 scriptumst
1748 2619 2005 2694 monogram-
2132 2612 2134 2615 ·

390 2759 496 2821 mate
515 2746 619 2840 regis
635 2745 855 2838 signatam,
880 2745 985 2818 nisce
1005 2747 1130 2818 verbis
1151 2745 1317 2818 describi
1331 2746 1499 2816 soluerit
1516 2755 1656 2815 auctor
1675 2738 1762 2835 m)
1819 2731 1895 2806 Uti
1909 2749 2004 2808 vtro
2133 2749 2134 2752 ’

389 2879 554 2954 tarteikn
569 2867 743 2970 sequenti
763 2889 954 2970 tempore,
985 2889 1195 2974 postquam
1218 2879 1397 2972 epistoloe
1419 2875 1610 2948 conscribi
1628 2879 1853 2968 coeperunt,
1881 2867 2001 2938 inve-

389 3013 514 3100 nitur,
539 3007 593 3080 ibi
610 3019 683 3078 aut
702 3033 770 3078 eas
793 3033 868 3094 res,
893 3009 1037 3104 quaein
1055 3011 1181 3082 iocum
1200 3011 1312 3082 illius
1331 3009 1588 3096 succederent,
1614 3005 1794 3103 epistolar
1812 3001 2001 3075 nimirum

392 3156 428 3216 et
446 3141 604 3237 sigilla,
628 3140 702 3214 boc
722 3141 835 3214 verbo
852 3139 1092 3236 significari,
1124 3155 1199 3218 aut
1211 3144 1431 3230 accidisse,
1454 3157 1498 3216 ut
1514 3143 1747 3224 mandatum
1768 3136 1896 3210 literis
1913 3156 2001 3206 cre-

392 3279 482 3348 dere
498 3299 576 3346 noa
593 3275 684 3344 ausi
697 3273 777 3346 sint
795 3275 1010 3364 mittentes,
1035 3279 1104 3350 sed
1123 3279 1273 3349 annulo
1300 3278 1377 3352 sive
1399 3277 1532 3373 sigillo
1554 3275 1754 3371 affirmare
1772 3268 2000 3356 maluerint,

386 3431 584 3506 ponamus
598 3429 747 3477 necesse
761 3419 829 3477 est.
889 3411 957 3479 Ita
978 3411 1097 3480 etiam
1123 3412 1227 3480 illud
1248 3411 1486 3504 Ordsending
1510 3411 1558 3482 ok
1580 3411 1802 3498 larteiknir,
1837 3427 1999 3506 quocum

392 3543 566 3614 Canutus
576 3540 743 3621 Sanctus
752 3541 925 3630 fratrem
939 3543 1101 3613 Olanum
1113 3544 1314 3636 captivum
1326 3547 1367 3614 in
1386 3545 1625 3616 Flandriam
1639 3545 1746 3616 misit
1754 3540 1872 3636 Ψ),
1897 3550 2000 3610 recte

377 3675 559 3774 sortasse
583 3673 900 3766 interpretamur.
961 3674 1086 3762 Quum
1112 3676 1152 3744 in
1181 3677 1446 3749 Scandincsuia
1477 3678 1697 3773 ceteroquin
1717 3679 1846 3749 seculo
1870 3675 1999 3746 XImo

390 3806 626 3898 sigilloqu,
637 3804 678 3888 in
694 3827 767 3874 usu
783 3814 928 3888 essent,
961 3815 997 3872 et
1023 3818 1200 3898 sequente
1219 3807 1486 3885 seculoetiam
1502 3812 1615 3906 apud
1629 3811 1814 3885 Islandos
1831 3811 1998 3885 annulis

392 3971 664 4012 ‘m

471 4067 502 4153 s)
526 4049 756 4130 Rernbertus
778 4073 814 4130 in
833 4073 913 4132 Ser.
947 4095 1025 4134 rer.
1056 4078 1162 4138 Dan.
1187 4079 1261 4159 I-p·
1281 4084 1364 4150 473.
1387 4079 1449 4158 cjr.
1478 4080 1643 4144 Subm-
1663 4082 1839 4144 „mh
1854 4061 2024 4146 Ηὴιοὼ.

519 4174 562 4236 11·
578 4192 611 4252 P·
633 4181 709 4246 178·

448 4275 496 4358 n)
517 4263 637 4338 ruris
652 4283 754 4340 aaa.
772 4283 930 4362 snogun
947 4287 1003 4344 001.
1021 4291 1102 4358 972.

432 4377 495 4463 m)
522 4381 614 4440 Totis
638 4386 854 4462 interpretatio
879 4392 915 4448 in
936 4390 1019 4450 brasc
1040 4393 1140 4452 nam
1158 4397 1268 4474 potius
1287 4397 1411 4458 eidstw
1426 4401 1602 4480 quadrare,
1629 4416 1726 4480 quam
1742 4420 1781 4460 ss
1796 4403 1944 4478 opinione
1959 4404 1995 4464 0.

518 4484 1108 4573 Deichmanni(8uhmsBreve,
1126 4515 1158 4576 p.
1175 4497 1257 4579 320)
1273 4502 1309 4558 in
1327 4503 1479 4560 literas
1499 4505 1576 4562 illas
1599 4507 1726 4582 regia
1745 4523 1866 4564 manse
1889 4479 1996 4564 mors

519 4593 701 4667 ipsorum
722 4591 747 4650 d
753 4591 930 4670 ssornsat
938 4619 984 4656 as
991 4642 1004 4671 ,
1022 4621 1102 4679 quas
1120 4621 1141 4658 a
1154 4603 1315 4662 Succorum
1328 4626 1401 4684 rege
1410 4609 1571 4680 Bjirnone
1585 4609 1632 4668 ad
1643 4603 1840 4670 metcun
1853 4611 1995 4687 impero-

518 4707 612 4752 torem
627 4697 734 4756 attulit
748 4697 935 4777 Ansgarius
952 4705 1047 4774 (Sor.
1065 4726 1140 4763 rer·
1155 4707 1256 4766 Dan.
1275 4709 1303 4766 I.
1314 4733 1350 4789 p.
1367 4718 1465 4784 ⁴⁴8)-

417 4796 494 4882 Μ’)
517 4796 820 4881 Roytlings-Ssge,
838 4821 874 4880 p.-
891 4813 945 4876 84.
999 4809 1138 4869 Ceterum
1154 4809 1299 4870 vocabulo
1319 4814 1338 4872 J
1346 4817 1510 4875 srtcikn
1533 4814 1590 4876 hac
1603 4831 1683 4879 certe
1702 4818 1769 4878 ioco
1785 4815 1951 4892 epistolem
1965 4827 1994 4873 d

518 4903 662 4978 sigdlum
677 4907 861 4986 signficari
868 4929 982 4988 paese,
1002 4911 1142 4988 equidem
1154 4933 1215 4971 non
1229 4935 1308 4992 nego
1315 4959 1327 4987 ,
1353 4939 1449 4998 quum
1463 4925 1500 4978 in
1513 4917 1762 4998 Heimsk'rtngls,
1788 4922 1849 4982 ΙΗ-
1863 4938 1896 4997 P·
1910 4927 1994 4990 439·

517 5009 610 5080 441,
644 5009 803 5088 Erls'ngns
819 5013 936 5074 &taket
947 5017 1036 5094 regis
1052 5017 1175 5076 Danici
1189 5017 1405 5099 Ordsonding,
1427 5023 1501 5088 bref
1513 5025 1555 5084 ok
1569 5024 1697 5104 itsnsigli
1713 5027 1843 5084 misisse
1852 5025 1991 5082 dicatur.
