4256 5730
130 786 365 858 Caucinnum
377 782 485 855 ibiac
498 780 746 878 magnificum
758 782 986 872 convivium*
999 804 1067 879 qvo
1078 781 1194 877 finito
1213 781 1382 858 conviva
1397 785 1738 881 abireparabant5
1849 791 1854 798 ’

131 918 360 990 Thorieiius
390 917 623 988 Snorronem
654 939 850 1011 omnesque
868 915 1073 1020 principes
1097 916 1288 1011 pretiosis
1312 919 1477 990 donavit
1494 919 1736 1020 muneribus.
1769 969 1773 980 ,

126 1051 274 1122 Snorro
289 1045 485 1134 Bellium,
509 1049 636 1119 Boilii
650 1047 795 1140 filium,
818 1047 875 1116 aei
888 1072 927 1117 se
941 1047 1125 1120 invitarit
1141 1071 1296 1144 eumqoe
1312 1049 1481 1143 rogavit,
1505 1063 1550 1122 ut
1562 1034 1675 1145 apud
1699 1077 1739 1124 se

124 1205 280 1277 semper.
299 1191 618 1269 commoraretur,
645 1180 797 1276 qvando
811 1179 915 1250 iilud
928 1180 1146 1270 jucundius
1172 1181 1296 1252 cisum
1307 1181 1427 1267 foret.
1477 1182 1566 1254 Hoc
1580 1183 1737 1254 Boilius

124 1293 337 1407 acceptans
358 1313 534 1406 Tungam
560 1335 653 1408 eqoo
666 1311 831 1384 vehiturs
880 1310 972 1382 Jam
992 1311 1220 1382 Tkorkellus
1236 1311 1461 1406 Helgaseiii
1476 1315 1665 1384 remansit
1687 1338 1735 1384 ac

124 1444 181 1514 rei
181 1443 551 1536 familiariecuram
559 1459 693 1538 gerere
702 1441 860 1536 occepit.
910 1441 1145 1518 Haudenim
1159 1443 1410 1515 hancacirem
1423 1445 1551 1514 minus
1560 1457 1735 1538 eratap-

125 1587 201 1672 tus,
222 1601 336 1671 qvam
354 1577 411 1645 ad
422 1575 567 1646 itinera
582 1574 841 1647 mercatoria·
894 1573 952 1646 Ec
966 1575 1103 1646 statim
1123 1587 1312 1646 autumno
1339 1573 1556 1647 cubiculum
1581 1587 1737 1646 exstru-

123 1709 264 1780 endum
290 1709 464 1794 curavit,
507 1709 608 1804 qood
634 1719 727 1780 ante
741 1706 892 1800 hyemis
904 1707 1059 1778 initium
1064 1705 1285 1800 perfectum
1300 1719 1398 1794 erat,
1422 1702 1461 1778 ὃ(
1477 1705 1626 1802 qvidem
1645 1705 1735 1790 am}-

117 1843 234 1938 pium
256 1864 305 1910 ac
328 1841 465 1910 altum.
509 1840 759 1910 ¹ffl'trorlseiius
780 1861 829 1908 ac
853 1837 1047 1907 Gudruna
1063 1839 1229 1908 muitum
1252 1859 1334 1908 sese
1356 1838 1520 1931 diligero
1545 1857 1731 1934 occepere.

121 1973 364 2066 Hyemejam
380 1973 664 2063 proeterlapsa,
678 1965 716 2040 8<
729 1968 914 2062 pro-'simo
933 1992 1021 2040 aere
1037 1969 1231 2038 Gudruna
1249 1968 1418 2059 rogavit,
1445 1992 1499 2038 an
1518 1970 1610 2061 qvid
1619 1971 1734 2042 Gun-

122 2127 224 2175 narc
243 2099 579 2174 ilisidrandabano
597 2101 715 2170 veliet
733 2098 941 2188 consulere.
1001 2095 1230 2168 Thcrk‘ellus
1244 2104 1326 2190 ejus
1338 2098 1396 2168 rei
1403 2110 1641 2192 potestatem
1658 2125 1735 2193 pe·-
1827 2117 1830 2124 ’

122 2259 190 2307 nes
206 2231 515 2323 illamjuturam
531 2230 744 2325 affirmavit
751 2255 765 2318 ‚-
791 2229 907 2313 hanc,
927 2229 1041 2318 enim,
1066 2230 1188 2324 inquit
1205 2251 1341 2298 curam
1363 2241 1475 2300 tanto
1490 2253 1574 2301 cum
1590 2235 1733 2304 ardore

121 2365 348 2460 suscepisti,
373 2377 419 2434 ut
431 2365 542 2435 haud
557 2375 594 2434 te
612 2361 703 2433 bene
719 2371 939 2432 contentam
956 2353 1166 2444 autumem,
1191 2359 1270 2430 nisi
1285 2361 1355 2432 ille
1373 2361 1582 2452 honorifice
1595 2365 1733 2434 dimu-
1791 2355 1802 2363 ’

122 2510 247 2568 tatur.
313 2495 506 2566 Gudruna
532 2506 633 2567 recte
653 2495 766 2564 iilum
790 2492 973 2562 divinare
995 2492 1220 2587 affirmavit.
1289 2493 1457 2581 Vellem,
1481 2495 1625 2592 iuqvit,
1669 2495 1732 2564 iiii

121 2635 291 2702 donares
306 2627 435 2699 nasim
454 2637 569 2721 atqve
582 2648 651 2696 eas
675 2625 794 2694 simul
808 2646 892 2713 res,
927 2623 1059 2720 quibus
1076 2625 1290 2698 iilecarere
1306 2625 1447 2719 neqvit.
1505 2625 1540 2694 T
1536 2623 1733 2696 lsorkeilus

122 2761 326 2834 subridens
350 2757 574 2852 respondit:
621 2757 758 2826 multis
783 2755 824 2824 in
847 2754 960 2826 rebus
984 2757 1247 2849 haudparva
1273 2767 1363 2826 tuus
1388 2755 1550 2829 molitur
1565 2757 1732 2848 animus,
1828 2753 1832 2762 “

123 2894 343 2966 Gudruua!
395 2913 463 2960 nec
499 2887 591 2962 bene
621 2887 693 2958 tibi
723 2887 898 2958 convenit
935 2887 1096 2960 humilis
1129 2887 1318 2974 maritus,·
1367 2884 1478 2956 haud
1511 2886 1613 2958 enim
1636 2891 1732 2960 tulis

122 3025 195 3120 tibi
221 3021 371 3092 indoles
406 3019 516 3086 inest.
602 3015 665 3084 In,
691 3014 755 3082 uis
792 3013 863 3082 tibi
898 3037 981 3106 mos
1007 3029 1176 3108 geretur.
1273 3014 1360 3082 ista
1394 3016 1523 3108 itaqoe
1552 3020 1732 3107 perfecta

17 3171 18 3174 ’
123 3165 233 3242 sunt,
265 3146 304 3221 8t
325 3149 539 3218 Gunnarus
556 3164 698 3214 munus
713 3142 867 3234 accepit
883 3156 1007 3214 mente
1025 3145 1235 3216 admodum
1249 3153 1383 3237 grata.
1466 3146 1631 3231 Vereor,
1667 3150 1732 3220 in.

124 3285 217 3380 avit,
243 3292 288 3351 ut
302 3301 471 3374 unqram
490 3287 627 3351 tantas
642 3273 745 3344 vires
762 3273 959 3366 colligam,
978 3287 1022 3344 ut
1035 3273 1141 3345 vobis
1152 3275 1306 3366 possim
1321 3295 1569 3346 remunerare
1584 3301 1731 3352 omnem

124 3417 238 3485 iilum
263 3411 469 3492 honorem,
505 3428 574 3502 qvo
589 3414 725 3474 memet
744 3401 913 3496 afficitis.
974 3405 1188 3476 Gunnarue
1216 3402 1354 3475 deinde
1380 3403 1659 3496 peregrinatus
1677 3415 1734 3481 ad

125 3541 371 3635 Noroagiam
380 3538 543 3635 appulit
548 3559 563 3630 ς
578 3533 716 3606 deinde
726 3533 789 3604 aci
806 3555 879 3604 sua
882 3531 1044 3628 pradia
1059 3534 1264 3628 profectus
1272 3545 1340 3604 est.
1367 3535 1531 3628 Magnae
1540 3538 1730 3614 Gannaro

126 3673 341 3772 opesfuere
356 3667 532 3746 &muita
544 3666 747 3764 potentia,
770 3665 944 3738 maxima
963 3689 1053 3740 sero
1070 3667 1199 3740 iuerat
1216 3665 1433 3738 honestatis
1448 3667 1548 3736 taus.

803 3890 933 3996 CAP.
973 3937 1052 4022 7⁰·
1095 3851 1096 3856 Ν

331 4051 858 4177 Thorieiiue,Eyolfifi1ius,
875 4067 1140 4160 celeberrimus
1153 4085 1342 4182 princeps
1349 4086 1491 4178 jactus
1509 4099 1577 4174 est,
1594 4101 1632 4158 et
1650 4090 1733 4186 ipse

129 4221 278 4318 qvidem
294 4221 464 4288 multum·
477 4216 550 4286 sibi
558 4215 704 4286 amicos
721 4228 759 4286 et
774 4217 1005 4310 dignitatem
1013 4241 1163 4312 parare
1176 4218 1339 4288 studuit.
1391 4219 1441 4288 In
1454 4215 1748 4313 pagamuitum⁸

129 4377 241 4424 sesam
257 4349 481 4446 patentium
501 4347 691 4434 exercuit,
725 4349 1012 4456 compluresqse
1033 4325 1175 4420 causas
1201 4349 1381 4443 suscepit.
1440 4351 1585 4422 Tamen
1603 4379 1673 4425 uos
1688 4359 1734 4426 de

132 4485 242 4553 iliius
261 4479 569 4554 contentionibus
570 4477 799 4571 forensibus
815 4479 920 4550 nihil
932 4503 1198 4552 memoramus.
1256 4481 1483 4554 Thorkeilus
1506 4483 1547 4555 in
1560 4485 1734 4556 Breida-

123 4613 256 4704 fiirdo
276 4615 337 4683 cir
350 4624 438 4684 erat
452 4609 749 4725 potentissimus
761 4613 1168 4704 praterSncrronem,
1203 4613 1384 4709 qvamdiu
1406 4613 1439 4682 is
1460 4615 1501 4683 in
1521 4615 1621 4686 sicis
1637 4616 1731 4706 fuit.

136 4743 363 4814 Thorkeilus
382 4741 580 4833 praedium
602 4763 715 4810 suum
734 4739 825 4814 bene
842 4743 973 4830 coluit,
999 4768 1127 4838 omnes
1143 4741 1505 4838 dcmusHeigafelii
1521 4747 1735 4838 amplasac

120 4875 265 4966 firmas
284 4870 537 4964 adificandas
563 4873 727 4944 curavit.
793 4875 944 4972 Templi
971 4899 1106 4972 qvoqve
1115 4876 1381 4970 fundamenta
1400 4876 1620 4968 constituit,
1651 4903 1734 4974 pa·
1801 4881 1807 4902 ⁸

1428 5005 1536 5098 Pps
