4282 5714
368 737 600 864 idoneum
621 769 732 836 esse
762 741 1136 836 existimavimus
1171 734 1381 858 efficere,
1438 761 1493 836 ut
1523 739 1728 838 historia
1761 725 1954 873 optimae

291 907 298 914 ·
366 907 494 980 notae
523 881 584 980 de
621 889 960 1012 antiqvissimis
989 880 1207 978 tslandiae
1240 885 1384 982 rebus
1412 882 1647 983 islandiae
1677 889 1956 1021 promulga-

364 1054 514 1150 retur,
546 1043 687 1160 atqve
714 1030 953 1126 latinitate
987 1029 1170 1124 donata
1197 1033 1312 1128 viris
1345 1027 1502 1129 doctis
1537 1054 1803 1132 exterarum
1837 1069 1955 1163 qvo-

365 1211 455 1298 qve
485 1181 701 1310 gentium
727 1198 1041 1341 patpret

557 1327 773 1420 Pertinet
794 1257 1016 1452 nempl
1002 1249 1233 1419 lutona
1238 1303 1422 1422 ndstra
1395 1259 1769 1424 ἰι·ι]]ι]ιιιιιιιι
1754 1350 1953 1424 astarum

360 1475 715 1589 narrationum,
780 1501 882 1598 qvae
916 1469 1017 1564 fata
1051 1473 1206 1600 gentis
1243 1467 1494 1594 eujusdam
1527 1473 1774 1571 islandicae
1803 1505 1954 1602 expo·

358 1617 524 1715 nendo
557 1650 662 1713 non
689 1616 849 1712 solum
878 1619 1262 1744 antiqviss‘ilttum
1291 1615 1593 1738 reipublicae,
1640 1654 1741 1749 qvae
1773 1625 1827 1713 in
1858 1623 1953 1714 hae

358 1763 517 1902 insula
547 1767 724 1894 viguit,
776 1782 954 1857 statum
984 1765 1176 1893 egregie
1209 1761 1436 1883 illustrat,
1479 1766 1567 1861 sed
1599 1796 1788 1894 qvoqve
1820 1763 1954 2006 ιῖιιιέ

357 1893 426 2048 m
451 1895 657 2040 speettlo
688 1895 957 2062 donarant,
1022 1899 1175 2036 qvilts
1226 1907 1397 2005 virae
1383 1941 1435 2002 m
1466 1919 1582 2006 'tota
1619 1915 1950 2040 septentrio

357 2041 469 2155 cum
498 2045 708 2181 publiea
738 2077 842 2152 tum
869 2049 1072 2211 privata
1098 2053 1245 2153 fuerit
1280 2081 1441 2173 usus,
1486 2078 1761 2219 unteqvam
1777 2057 1989 2206 religio-¹

357 2203 619 2390 clrristiana
636 2195 778 2298 nova
810 2193 1029 2305 instituta
1047 2216 1312 2327 novosque
1332 2188 1611 2298 induraret
1622 2189 1796 2298 mo'res.
1884 2199 1888 2208 ’
1949 2253 1956 2274 ·

330 2374 334 2383 ’
477 2333 847 2446 ·’ῑΗι]ιίιιιιίι
832 2369 943 2443 asta
938 2344 1195 2442 familia
1167 2379 1234 2442 ιιι
1245 2369 1426 2476 parte
1421 2346 1610 2443 i-nsulae
1641 2351 1954 2470 occidentali,
1987 2361 1993 2380 ’

353 2500 414 2590 inf
453 2483 590 2594 valle*
633 2491 858 2624 ιῐιιιιιιιιΙ
891 2497 1028 2619 juxta
1066 2493 1268 2592 fluvium
1308 2495 1396 2589 ob·
1435 2497 1633 2622 copiam
1675 2494 1956 2593 salmonum

351 2645 487 2738 [ιιι
517 2637 875 2771 nuncupatum,
891 2635 896 2646 ’
910 2635 1034 2738 ‘hine
1064 2641 1266 2738 nomine
1291 2635 1673 2738 Laxdalensium
1705 2642 1954 2776 insignita!

352 2792 516 2889 Cardo
560 2781 871 2893 narrationis·
896 2791 1029 2897 eirca
1071 2791 1284 2886 Olavum
1319 2783 1613 2907 Pavonem„
1650 2785 1803 2885 filium
1845 2789 1955 2917 ejus·

351 2941 662 3056 Kiartanum,
694 2931 1060 3066 nutricinmqve
1090 2923 1345 3080 Bolliu'nt
1329 2931 1578 3064 mprimis
1572 2949 1839 3054 versatur}
1865 2942 1952 3068 qvi

355 3085 570 3215 quidem
588 3115 648 3180 ea
686 3075 954 3181 floruerunt
991 3105 1151 3203 atate,
1211 3112 1305 3231 qva
1344 3089 1495 3180 'sacra
1522 3077 1784 3180 christiana
1821 3090 1951 3182 inter

351 3233 569 3328 lslandos
592 3232 893 3328 auctoritate
921 3225 1125 3359 publica
1148 3213 1344 3326 filerunt
1370 3252 1620 3358 recepta.
1673 3233 1750 3326 N
1722 3261 1841 3359 eqve
1874 3254 1945 3328 ta-

349 3405 470 3474 men
504 3382 557 3469 iu
589 3381 701 3472 vitis
722 3374 927 3469 horum
946 3375 1164 3470 virorum
1195 3373 1547 3470 describendis
1556 3373 1821 3472 absolvitur
1858 3408 1951 3475 vo·-

290 3541 292 3544 ’
350 3525 538 3640 lumen,
574 3517 693 3618 sed
685 3539 786 3650 pto
809 3549 977 3615 auore·
971 3517 1305 3617 ··lslandorurn
1314 3517 1460 3617 solito
1489 3521 1758 3651 regreditur
1785 3533 1949 3620 oratio

351 3651 435 3768 ad·-
426 3674 626 3800 primos
643 3661 854 3762 ins-ula
851 3657 1197 3795 occupatores,
1226 3697 1491 3796 eorumque
1517 3691 1780 3795 parentes,
1792 3694 1943 3799 atqve

348 3817 483 3916 hund
509 3833 687 3948 pauca
698 3817 766 3910 'de
793 3815 930 3912 hisce
950 3835 1146 3910 notatu
1159 3809 1441 3946 dignissima
1464 3811 1616 3908 affert
1675 3817 1948 3925 Pos'rtu'latr'itt¹

350 3967 563 4094 de's'uper'
599 3965 890 4059 narrationis
908 3985 914 3999 '
930 3985 1072 4058 tenor
1081 3955 1395 4082 ,·'2K1urtuno
1415 3973 1463 4057 ‘a'
1490 3957 1658 4056 uoltis
1687 3964 1752 4057 ob
1785 3962 1949 4057 infans

348 4137 466 4212 stos'
484 4101 729 4213 Gudnma
744 4124 749 4138 ’
763 4103 953 4207 amores
979 4105 1263 4230 interemto,
1290 4099 1295 4112 ’
1328 4129 1385 4204 ut
1411 4105 1675 4206 simultates
1707 4099 1827 4206 inde
1861 4101 1949 4207 exi

351 4243 464 4361 ortae
492 4271 631 4386 atqve
657 4257 869 4354 ultlohes
902 4247 1022 4358 hildi
1054 4249 1189 4353 illino
1219 4271 1397 4353 ‘suffitae
1409 4269 1414 4283 '
1428 4252 1601 4351 ‘ordine
1619 4265 1948 4385 'eltpoueren-·

346 4438 434 4509 tur.
502 4412 573 4501 lta
605 4403 668 4500 ad
695 4427 991 4502 senectutem
1022 4399 1173 4532 usqve
1208 4402 1451 4522 Gudrunae
1481 4421 1530 4498 et
1559 4399 1974 4500 famam·lloren··‘

347 4588 445 4657 tem
471 4553 578 4670 lilii,
630 4558 770 4680 qvem
799 4585 858 4648 ex
885 4549 1042 4646 Bollio
1071 4551 1371 4677 susceperat,
1417 4544 1678 4646 deducitur
1706 4555 1936 4666 namatio,

254 4693 264 4702 ’
346 4713 468 4809 vitas
524 4723 712 4828 septem
758 4704 1127 4829 generationum
1175 4697 1464 4826 eomplexu,
1514 4698 1726 4824 lqvarum'
1777 4719 1939 4795 autem

346 4888 449 4954 non
481 4851 575 4946 nisi
606 4867 812 4974 qvatuor
836 4848 1131 4971 posteriores
1166 4845 1382 4940 uberius
1402 4841 1708 4952 illustrantur.
