4274 5728
919 541 1017 634 219

146 785 272 879 sactis
283 785 479 878 fortiores
503 781 541 858 b<
558 809 716 858 numero
736 786 854 860 nimis
875 811 971 860 sane
989 783 1116 862 multi.
1188 795 1367 888 Ospocns
1396 789 1524 876 dixit:
1568 791 1771 888 vehemen-

152 929 225 988 tem
243 919 449 990 esseillius
472 919 789 992 adhortationem
804 937 854 994 ao
875 921 1033 1016 difficile
1055 923 1121 996 itti
1146 925 1301 1022 attacta
1312 907 1587 995 contradicere.
1647 924 1769 996 Tom-

150 1075 220 1148 qve
234 1052 371 1122 statim
385 1075 547 1148 surgens
566 1051 732 1124 vestibus
752 1077 794 1126 se
809 1054 951 1146 induit,
976 1055 1035 1125 ita
1054 1056 1203 1154 qvisqae
1221 1045 1340 1133 etiarr‘s
1344 1055 1450 1150 fecit
1457 1055 1654 1152 fratrum,
1670 1071 1768 1152 poet

148 1183 275 1252 aliam
289 1184 405 1254 alius.
457 1184 823 1278 Deinde‘KJartano
841 1186 1028 1258 insidiari
1041 1203 1206 1284 parant.
1272 1191 1378 1262 tnnc
1396 1188 1590 1260 Gudruna
1609 1189 1767 1308 rogavit

146 1316 346 1406 Bellium,
385 1327 429 1386 nt
454 1315 546 1386 ilios
566 1317 830 1404 comitaretur.
906 1321 1065 1391 Boliius
1084 1335 1255 1418 propter
1284 1319 1660 1425 consangoinitatem
1680 1343 1767 1390 cum

144 1449 346 1544 Ixj'artano
373 1445 448 1517 sibi
472 1445 544 1518 boc
569 1448 773 1545 convenire
798 1451 977 1545 negavit,
1011 1444 1050 1524 b<
1071 1425 1214 1550 ¹qaanto
1233 1479 1319 1526 cum
1344 1437 1477 1524 amore¹
1504 1428 1654 1525 Obareis
1680 1425 1768 1522 eum

145 1579 390 1668 educaverit,
423 1579 664 1652 memoravit.
717 1579 923 1686 ‘Gasiruno
947 1581 1071 1656 ciete:
1109 1607 1200 1660 vera
1223 1587 1372 1684 qoidetn
1399 1584 1501 1673 boec,
1544 1585 1613 1654 secl
1634 1595 1765 1654 tomen

144 1711 217 1784 tibi
231 1713 353 1783 deerit
365 1712 534 1804 fortuna
548 1715 606 1783 ad
618 1713 795 1785 actiones
817 1713 876 1784 ita
893 1705 1203 1812 comparandas,
1244 1729 1290 1790 tet
1315 1733 1444 1789 amnes
1458 1715 1643 1788 contenti
1665 1711 1763 1804 sint,

139 1841 180 1916 ἃ
199 1847 327 1920 nostri
344 1859 426 1918 turn
442 1834 593 1942 qvidem
611 1845 857 1924 matrimonii
869 1845 969 1938 finis
985 1851 1134 1940 aderit,
1176 1852 1214 1922 si
1235 1852 1293 1921 ire
1315 1851 1519 1940 detrectas.
1590 1849 1764 1941 Propter

138 1979 217 2050 bas
238 1979 441 2050 Gndrunce
459 1978 760 2049 adhortationes
782 1978 917 2050 Ballio
941 1981 1159 2052 inimicitia
1183 2007 1313 2054 omnes
1345 2005 1394 2052 ac
1416 1981 1545 2074 cuipas
1569 1977 1764 2069 Kjartani
1962 2023 1968 2032 -

138 2112 352 2182 increscere
373 2108 523 2197 animo,
543 2120 705 2203 ,tumqve
724 2109 862 2178 statim
876 2108 945 2177 ille
963 2133 1079 2180 arma
1098 2112 1306 2206 corripere.
1361 2114 1508 2184 Novem
1526 2111 1646 2181 simui
1658 2131 1762 2204 pro-

125 2244 257 2339 fecti:
297 2242 341 2315 V
349 2239 435 2334 filii
453 2239 607 2312 Osaivi:
648 2241 849 2333 Ospocus,
898 2240 1090 2336 Helgias,
1136 2243 1400 2329 Vandradus,
1457 2241 1691 2312 Tborraclus
1713 2263 1763 2310 ac

139 2373 377 2468 Tborolsus3
429 2381 559 2446 sextus
574 2381 662 2442 erat
688 2371 847 2444 Boilius
854 2396 869 2463 ,·
923 2371 1171 2469 Gndiaugus,
1225 2373 1359 2482 asotos·
1388 2386 1509 2468 nepos
1537 2395 1584 2442 es
1608 2393 1760 2458 sorore,

136 2511 201 2584 vir
234 2515 398 2604 aspecta
421 2503 684 2598 fortissimus,
716 2513 806 2574 erat
828 2499 1047 2599 septimus,
1100 2503 1154 2577 ibi
1181 2515 1321 2604 qooqos'
1346 2507 1479 2577 occos
1505 2513 1554 2574 ac
1587 2503 1762 2590 Steinus,

141 2633 378 2717 Thorbsiia
397 2637 571 2735 ibqoocis
574 2635 659 2730 filii
682 2637 867 2708 aderant.
916 2636 989 2709 Illi
1005 2639 1325 2716 comitatatum
1337 2637 1513 2733 profecti
1531 2635 1587 2706 ort
1608 2635 1764 2707 atreum

133 2774 343 2874 qoendam,
366 2769 1255 2870 qeiHasragilam(aIesnscaprinusJoocotsrs
1270 2779 1340 2861 est,
1359 2769 1575 2841 constitere.
1633 2767 1677 2842 V
1672 2765 1761 2838 inc·

134 2911 188 2982 tis
204 2908 348 2980 ibidem
373 2905 476 3002 eqet's
489 2904 755 2974 consederunt.
805 2903 966 2974 Boliius
989 2927 1037 2974 ea
1063 2903 1127 2974 die
1153 2903 1300 2976 tacitus
1323 2903 1383 2974 ad
1403 2901 1621 2996 marginem
1651 2897 1781 2986 alvei,

132 3039 330 3116 decubuit.
385 3037 510 3124 Qoum
542 3045 674 3102 autem
705 3032 929 3125 Kjartanus
956 3055 1005 3101 ac
1028 3033 1139 3124 iilius
1166 3033 1322 3104 comites
1349 3031 1603 3102 transiissent
1624 3051 1757 3126 angu-

131 3177 257 3258 stias,
282 3189 365 3266 qooe
389 3165 615 3258 Miasyndoe
629 3161 834 3250 dicuntur,
860 3163 1074 3234 colatiora
1099 3158 1222 3234 collis
1236 3161 1506 3248 intravissent,
1529 3162 1756 3255 Kjartanns

135 3301 391 3384 Thorbellum
406 3292 550 3371 reverti
568 3290 748 3388 rogabat.
804 3293 1033 3364 'l'borbellas
1052 3288 1162 3362 scaci
1178 3284 1321 3364 ultima
1342 3280 1564 3363 colliseum
1587 3291 1756 3359 comita·

130 3455 269 3514 taram
284 3425 510 3527 affirmavit.
565 3427 759 3521 Qoumqoe
781 3442 914 3498 oersns
930 3425 1131 3496 rneridiem
1143 3423 1320 3519 prefecti
1335 3421 1518 3516 tugurio,
1544 3408 1630 3516 qna
1647 3419 1757 3490 Nor·-
1828 3417 1834 3430 “

130 3567 273 3646 dorset
287 3565 492 3652 dicontur,
537 3557 828 3656 praeteriissent
833 3607 847 3648 ,
895 3557 1120 3653 Isy‘artonus
1136 3557 1293 3649 fratres
1308 3539 1491 3660 rogarem,
1534 3575 1581 3622 ne
1599 3549 1756 3646 longius

131 3703 365 3804 oqvitarent3
373 3695 479 3784 noio,
494 3692 630 3790 inqoit,
634 3689 767 3784 farem
776 3687 1125 3781 iilumTlrorolfum
1135 3689 1241 3760 ittet
1249 3689 1291 3759 in
1303 3683 1474 3758 indibria
1483 3683 1637 3774 babere,
1658 3683 1758 3780 qaod

129 3836 381 3936 pauciscnm
394 3824 598 3902 comitibus
612 3826 688 3898 iter
694 3823 837 3918 facere
851 3845 931 3896 non
943 3821 1123 3894 audeam.
1181 3819 1411 3911 storbelius
1431 3816 1612 3888 wallus
1631 3815 1757 3899 ciete.-

133 3973 179 4044 in
203 3968 277 4040 boc
308 3986 403 4032 sane
429 3959 501 4030 tibi
525 3955 893 4050 obtemperabimus,
949 3956 1051 4052 qood
1067 3965 1104 4024 te
1118 3951 1207 4052 jam
1231 3975 1310 4026 non
1333 3950 1489 4046 longius
1511 3949 1755 4039 comitemur,

132 4101 257 4197 hujus
272 4115 361 4168 aero
378 4113 450 4161 nos
468 4086 706 4185 poenitebit,
757 4087 792 4156 si
809 4085 926 4158 bodie
943 4084 1015 4155 tibi
1030 4083 1224 4178 arroserit
1246 4080 1466 4172 comitibus,
1518 4095 1668 4178 tumqve
1683 4100 1755 4152 nos

133 4232 283 4308 erimus
297 4221 484 4296 absentes.
553 4217 660 4290 Tunc
681 4215 783 4288 dixit
799 4217 1043 4312 Kjortanus:
1077 4213 1189 4286 baud
1212 4215 1326 4286 oredo
1341 4211 1530 4302 Bollium,
1546 4223 1755 4309 cognatum
1846 4268 1850 4283 .

131 4367 292 4451 meum,
327 4357 420 4431 vitoe
441 4372 536 4426 meoe
565 4351 733 4423 insidias
757 4363 930 4442 struere,
976 4345 1013 4417 si
1032 4355 1166 4419 autent
1193 4345 1328 4419 Osoioi
1348 4343 1538 4438 fiiiimilti
1554 4343 1754 4421 insidiari·
1810 4345 1814 4350 '

135 4513 227 4582 tur,
261 4487 373 4566 hand
398 4497 545 4559 certum
571 4497 649 4576 est,
682 4483 825 4583 'qoibns
858 4480 1085 4554 certaminis
1110 4479 1239 4552 exitas
1266 4481 1541 4552 memorandas
1563 4477 1634 4566 sit,
1679 4467 1754 4542 etsi

135 4625 305 4723 atiqooct
330 4622 382 4693 sit
406 4619 559 4716 siriam,
579 4617 799 4693 discrimen.
858 4615 1013 4693 Deinde
1021 4611 1184 4710 fratres
1205 4635 1340 4690 versos
1360 4613 1594 4687 occidentem
1616 4609 1754 4713 rnrsut

128 4753 321 4862 profecti.

1419 4875 1453 4948 E
1476 4895 1501 4948 o
1525 4891 1547 4942 s
1647 4939 1651 4950 .
