4256 5730
820 591 1032 708 Q„

119 840 246 912 balteo
264 851 458 934 argenteo.
514 835 709 910 Gudruna
738 834 781 908 ia
802 855 960 908 scamno
982 837 1096 930 apud
1114 853 1196 906 eum
1213 837 1396 910 consedit.
1466 839 1571 934 Tuus
1596 842 1725 913 Thor-

114 973 317 1067 gilsusita
337 971 497 1044 cecinit:
593 963 598 968 ¹

508 1103 696 1198 Helgium
714 1101 820 1172 domi
845 1101 1047 1198 incasmus

512 1236 630 1309 Corve
649 1235 911 1308 decorandum
933 1233 1141 1304 obtulimus
1156 1235 1326 1305 cadaver
1332 1259 1346 1322 ,-

511 1369 683 1441 Puichre
698 1367 961 1459 rubefecimus,
989 1365 1195 1436 bellatores
1260 1413 1266 1426 ι

320 1547 325 1554 -
409 1549 412 1556 -
509 1502 760 1572 Titorleikum
787 1497 986 1569 comitati.¹

517 1634 611 1704 Tres
628 1632 682 1703 ibi
696 1633 910 1706 stravimus
928 1683 933 1693 .

483 1762 485 1768 ’
512 1765 566 1836 Et
579 1763 819 1859 prescientes
833 1763 984 1858 quidem
1004 1785 1132 1862 omnes

505 1895 568 1968 Ac
584 1898 729 1968 milites
756 1895 846 1966 bene
859 1895 1021 1988 peritos.

506 2027 572 2096 Ita
590 2029 718 2098 Bollii
733 2025 1119 2101 remur'vindicatam
1138 2029 1291 2097 cadem.¹

114 2165 211 2234 Teem
223 2162 415 2233 Gudruna
432 2183 512 2255 qvae
528 2160 569 2230 in
587 2185 718 2232 eorum
738 2153 876 2233 itinere
889 2169 1294 2253 essentgesta,'exacte
1308 2147 1471 2256 rogavit.
1510 2235 1512 2242 ,
1529 2165 1715 2284 Τζιονὲἰὶ-

106 2295 240 2364 susad
253 2294 778 2388 rogataqvidemrespoadit.
816 2280 1008 2363 Gaeiruua
1019 2291 1412 2385 expeditionemlcanc
1423 2309 1562 2392 optata
1576 2301 1717 2370 celeri·
1799 2343 1803 2352 ·

109 2437 194 2495 tate
206 2427 361 2498 cessisse
374 2425 627 2517 confirmavit,
655 2427 805 2521 illisque
816 2450 895 2520 pro
913 2425 1044 2497 eadem
1057 2424 1313 2522 egitgratias.
1337 2431 1616 2527 Posteaoceua
1634 2433 1716 2500 illis

108 2557 305 2626 instructa
331 2570 400 2646 est,
427 2581 579 2652 cumque
593 2560 723 2628 saturi
742 2571 867 2628 essent
883 2559 938 2627 ad
961 2555 1217 2628 cubibiculum
1235 2560 1400 2647 deducti,
1431 2557 1628 2656 &quidem
1643 2586 1717 2656 per

108 2701 259 2760 noctem
289 2689 543 2759 dormiebant.
602 2664 785 2782 Sequente
811 2689 873 2758 elie
900 2688 1129 2782 leorgilsus
1150 2692 1382 2761 Gudrunam
1407 2692 1466 2760 ita
1483 2695 1717 2788 alloqvitur:
1788 2745 1792 2758 .

106 2825 187 2894 Res
205 2818 353 2914 qoidem
372 2819 430 2890 ita
447 2833 680 2928 comparata
698 2833 775 2909 est,
802 2821 862 2890 uti
878 2819 948 2889 tibi
965 2831 1099 2891 notam
1113 2834 1189 2906 est,
1217 2823 1435 2894 Gudruna!
1459 2827 1556 2920 qvod
1568 2843 1635 2920 ego
1650 2853 1720 2898 ex-

102 2953 345 3046 peditionem
357 2952 521 3042 perfeci,
539 2977 651 3044 qoam
671 2965 712 3018 tu
729 2965 864 3020 memet
874 2953 1060 3043 perficere
1080 2951 1278 3044 rogasti&
1293 2956 1443 3046 quidem
1461 2981 1573 3048 spero
1584 2972 1719 3028 memet

54 3061 59 3072 ¹
107 3099 265 3154 strenue
285 3081 387 3149 hunc
414 3079 587 3150 laborem
603 3081 853 3193 transegisse,
879 3075 918 3148 8<
934 3083 1191 3149 terecordari'
1210 3085 1360 3176 'qvatem
1379 3085 1476 3154 milti
1487 3088 1719 3178 promiseris

104 3211 476 3299 remunerationem,
501 3213 604 3281 nanc
621 3235 679 3282 me
698 3214 784 3302 jam
806 3212 989 3280 meruisse
1014 3211 1199 3281 arbitror.
1258 3215 1363 3284 Tunc
1379 3217 1481 3286 dixit
1500 3217 1716 3288 Gudruua:

107 3349 221 3420 hausi
237 3356 393 3415 tantum
415 3343 725 3436 proeterlapsum
745 3344 929 3435 temporis
942 3354 1000 3410 est
1012 3355 1104 3435 post
1117 3356 1290 3414 nostrum
1305 3347 1557 3441 colloquium,
1582 3359 1626 3416 ut
1646 3347 1717 3416 hoc

53 3511 55 3516 ¹
105 3481 207 3551 milti
224 3477 411 3547 exciderit
436 3475 646 3586 memoria,
682 3471 719 3544 &
738 3487 882 3544 certum
898 3475 1083 3544 constitui
1100 3475 1273 3546 omnibus
1293 3503 1377 3547 cum
1398 3491 1434 3549 te
1447 3478 1581 3574 pactis
1598 3492 1717 3570 stare,

107 3635 242 3686 verum
269 3610 449 3705 quomodo
475 3607 576 3678 iuter
600 3633 669 3679 uos
690 3621 854 3702 pactum
876 3633 954 3676 esse
973 3607 1044 3677 tibi
1068 3607 1254 3679 videtur?
1295 3611 1521 3706 Titargilsus
1541 3635 1625 3680 eum
1644 3614 1716 3683 itoc

108 3742 313 3816 recordari
329 3766 369 3811 se
384 3735 537 3838 credere
550 3741 775 3836 affirmarit.
830 3739 1022 3811 Gudruna
1041 3743 1265 3836 respondit:
1286 3756 1446 3814 autumo
1461 3769 1519 3814 me
1536 3745 1605 3813 tibi
1616 3769 1718 3841 pro-

107 3878 258 3947 misisse
271 3875 579 3966 nullumproeter
590 3885 625 3944 te
635 3873 676 3944 in
685 3873 760 3944 tac
771 3885 1116 3967 terrupraesentem
1125 3877 1309 3946 maritum
1320 3889 1535 3970 acceptare.
1562 3877 1721 3972 Aaqoici

109 4007 232 4080 habes
259 4017 395 4102 contra
417 4005 500 4074 itaec
521 4001 754 4074 dicendum?
781 4005 1010 4099 Tizorgilsus
1028 4019 1130 4075 recte
1157 4031 1242 4076 eam
1260 4009 1461 4078 recordari
1490 4009 1717 4102 affirmavit,

107 4131 311 4210 benetune
329 4148 398 4218 est,
425 4135 552 4230 inquit
572 4137 776 4222 Gudruua,
803 4140 954 4228 qvando
971 4139 1165 4232 utriusque
1178 4151 1356 4209 ‘nostrum
1374 4123 1559 4210 memoria
1581 4143 1657 4212 lzac
1673 4145 1719 4212 de

107 4297 150 4342 re
168 4269 302 4339 eadem
317 4265 447 4358 refert.
504 4269 583 4336 Nec
603 4279 639 4336 te
654 4266 725 4336 izos
742 4261 914 4361 amplius
926 4263 1052 4339 celare
1066 4272 1192 4364 cupio,
1218 4256 1319 4366 qood
1335 4271 1661 4363 kaadsortuaam
1679 4255 1722 4344 ici

108 4405 289 4473 laturam
303 4423 385 4470 esse
401 4423 569 4492 sperem,
604 4411 648 4468 ut
667 4423 735 4492 ego
758 4411 826 4512 tua
840 4399 935 4490 fiam
951 4425 1065 4484 uxor,
1093 4400 1130 4473 ἃ
1146 4428 1240 4474 sane
1259 4404 1433 4473 omnibus
1454 4419 1572 4476 tecum
1585 4409 1721 4501 pactis
1746 4415 1754 4428 '

107 4559 156 4604 ac
204 4533 321 4602 dictis
361 4545 467 4602 stare
505 4543 641 4602 memet
675 4543 858 4634 autumo,
899 4533 973 4602 etsi
1005 4535 1231 4620 Titarkello,
1280 4533 1411 4630 Eyoifi
1442 4537 1551 4629 filio,
1599 4536 1719 4606 nube·

108 4692 201 4736 rem.
274 4665 350 4733 Ille
386 4665 486 4733 euim
524 4665 599 4732 itcc
639 4663 680 4758 in
720 4677 827 4735 terra
863 4665 972 4734 haud
1008 4669 1132 4745 adest.
1204 4635 1432 4763 Titorgilsus
1478 4669 1578 4738 dicit
1612 4669 1718 4735 mul-

108 4812 191 4894 tum
217 4795 456 4866 erubescens:
491 4795 581 4865 bene
603 4798 803 4890 perspicio
834 4802 934 4866 uude
959 4799 1022 4867 tzic
1041 4801 1192 4892 fluctus
1221 4799 1523 4888 ortumtraieat;
1559 4799 1716 4868 inimica

105 4931 206 5000 mini
231 4929 331 4998 euim
353 4953 457 5021 sape
488 4930 654 4998 consilia
682 4930 770 4999 iude
797 4944 895 5000 nata
920 4945 1031 5020 suut,
1060 4959 1152 5004 nam
1169 4960 1193 5003 a
1212 4937 1404 5004 Snorrorze
1420 4929 1612 5001 Antistite
1640 4935 1718 5002 ista
1755 5017 1760 5028 ι
