4256 5730
832 509 1042 634 ...s-93-

120 759 731 835 -multinostersermo'momenti
748 773 817 834 est.
873 762 1037 856 &imque
1052 761 1197 832 Saorro
1220 759 1466 854 intelligeret,
1494 759 1637 848 omnia,
1664 785 1745 857 quoe
1859 825 1863 835 .

129 898 211 966 illis
226 897 394 968 inessent
402 897 547 984 animo,
557 908 748 966 eossemet
756 896 886 966 celare
895 897 1005 971 uelle,
1021 895 1104 988 ipse
1121 908 1250 965 tamen
1260 895 1531 989 suspicaretur
1549 919 1612 964 eos
1624 919 1743 964 max-

127 1029 200 1099 ime
215 1031 262 1098 de
280 1029 357 1098 tali
373 1053 414 1098 re
430 1027 546 1124 loqui,
564 1024 645 1123 'qum
661 1027 883 1121 siperfecta
903 1039 1000 1096 esset
1008 1029 1203 1098 maximas
1216 1029 1400 1098 allatura
1413 1027 1739 1115 foretrnolestias,

126 1163 185 1230 ita
211 1163 303 1231 illos
329 1159 482 1256 affatus
506 1175 592 1232 est.-
641 1161 731 1230 Jam
755 1161 905 1254 quidem
928 1183 997 1254 ego
1021 1163 1221 1256 suspicor,
1256 1183 1325 1231 nee
1346 1183 1472 1254 nugas
1491 1183 1559 1230 neo
1586 1161 1742 1230 ludicro
1814 1254 1817 1263 ἱ

125 1295 265 1366 uestris
281 1293 520 1366 'sermonibus
532 1295 763 1389 plerumque
790 1293 960 1388 agitari,
995 1317 1064 1363 neo
1092 1319 1160 1388 ego
1187 1295 1412 1364 mirandum
1438 1295 1633 1384 existimo,
1668 1292 1742 1362 etsi

127 1425 285 1518 itafiat.
337 1428 428 1496 Jam
451 1450 540 1498 uero
558 1427 635 1497 llas
654 1427 696 1496 in
721 1449 763 1496 re
775 1425 874 1496 milti
888 1425 1255 1520 obtemperatis,'ne
1270 1453 1329 1498 me
1351 1429 1482 1497 celetis
1505 1427 1622 1496 istam
1648 1449 1741 1514 rem,

127 1581 219 1628 nam
234 1549 410 1628 omnibus
423 1559 543 1630 simul
558 1560 693 1636 tutior,
705 1559 815 1629 nobis
832 1559 909 1629 erit
934 1561 1102 1654 ejusdem
1119 1561 1357 1630 consultatio
1364 1585 1378 1652 ,·
1415 1583 1613 1654 nunquam
1638 1559 1743 1630 enim

126 1713 196 1783 ego
210 1691 466 1793 aduersabor,
496 1689 786 1785 neperficiatur
812 1691 875 1782 id,
910 1717 979 1786 quo
1000 1691 1107 1764 uobis
1123 1694 1260 1788 augeri
1270 1695 1402 1788 possit
1416 1693 1563 1786 gloria.
1620 1692 1742 1764 Visus

64 1845 68 1854 ·
130 1823 336 1894 Titarleilso
352 1825 498 1894 Snorro
517 1825 636 1892 istam
655 1847 818 1892 causam
842 1823 933 1892 bene
950 1827 1115 1918 aggredi
1121 1851 1135 1916 ,·
1171 1825 1640 1920 itapausispropositum
1665 1825 1739 1892 do-

125 1953 207 2027 cuit
228 1957 425 2046 fratrum:
451 1979 515 2026 eos
535 1979 673 2049 nempe
690 1957 799 2040 uelle,
828 1956 1063 2048 Olauifilios
1084 1959 1257 2042 adoriri,
1289 1959 1422 2052 eisque¹
1436 1957 1569 2050 iniqua'
1594 1952 1741 2050 afferre

123 2089 385 2176 conditiones5
427 2111 495 2158 nea
518 2087 595 2156 sibi
606 2089 698 2180 jam
720 2063 798 2158 uim
817 2089 964 2174 deesse,
1000 2113 1047 2158 ne
1064 2087 1114 2156 ab
1138 2055 1253 2158 Olaui
1265 2087 1371 2178 filiis
1389 2112 1535 2180 oequum
1551 2090 1622 2183 jus
1643 2087 1739 2157 adi-

119 2223 346 2317 piscantur,
357 2245 470 2316 quum
489 2219 717 2290 Thorleilus
734 2220 839 2314 regis
851 2219 968 2288 Olaui
983 2232 1082 2288 esset
1101 2221 1286 2288 addictus
1306 2221 1475 2307 satelles,
1491 2219 1738 2290 Bolliusau-

123 2369 199 2425 tem
219 2353 325 2424 tanti
342 2347 557 2447 principis,
580 2352 709 2446 qualis
728 2362 831 2422 esset
846 2350 1005 2440 Snorro,
1022 2351 1254 2446 affinitatem
1268 2350 1488 2422 obtinuerit.
1514 2351 1660 2422 Snorro
1679 2352 1737 2420 ita
1791 2381 1793 2390 ’

122 2486 438 2582 fererespondit:
455 2509 598 2580 magno
609 2485 838 2556 saneBollii
854 2487 976 2554 coedes
988 2485 1152 2578 expiata
1162 2497 1231 2570 est,
1250 2483 1405 2554 sublato
1420 2486 1577 2578 Helgio,
1591 2485 1737 2554 Hard·
1769 2509 1772 2517 ·

125 2621 230 2692 baini
238 2617 330 2710 filio
348 2614 536 2689 &nimiae
556 2617 706 2714 quidem
719 2630 839 2688 antea
856 2630 1003 2687 mutuae
1017 2619 1150 2688 clades
1170 2615 1300 2688 illot'oe
1314 2630 1417 2706 sunt,
1442 2617 1567 2714 sijum
1579 2618 1739 2711 denique

126 2751 463 2844 earumfiotfinis.
507 2751 666 2820 Bollius
683 2762 775 2820 tunc
794 2751 1019 2844 respondit:
1046 2751 1135 2844 quid
1154 2751 1240 2838 lzos,
1260 2753 1434 2820 Snorra!
1460 2749 1516 2818 rei
1540 2746 1624 2817 est?
1647 2771 1739 2818 num

127 2889 217 2984 quid
241 2887 369 2957 minus
394 2887 484 2976 jam
500 2884 578 2951 eris
601 2885 738 2951 alacer
765 2885 805 2951 in
829 2886 981 2953 auxilio
995 2885 1179 2970 ferendo,
1217 2897 1330 2978 atque
1339 2883 1483 2976 paullo
1499 2893 1620 2950 antea
1634 2904 1739 2974 pro-

125 3013 298 3090 misisti?
347 3013 475 3082 Haud
492 3035 586 3080 sane
608 3015 642 3079 T
639 3013 837 3080 ltorleilsus
855 3012 929 3078 tibi
942 3014 1059 3080 istam
1078 3037 1157 3080 rem
1176 3015 1385 3095 retulisset,
1411 3015 1543 3080 simeo
1559 3013 1740 3099 usussu-

128 3153 223 3220 isset
242 3143 416 3216 comilis.
466 3143 509 3212 St
529 3165 618 3212 uero
626 3141 766 3235 Helgii
784 3145 887 3211 coede
899 3117 1027 3212 Bollii
1044 3145 1246 3235 expiatam
1264 3167 1412 3234 censes5
1440 3145 1481 3212 id
1496 3165 1591 3210 sone
1605 3153 1739 3210 notum

128 3279 304 3354 omnibus
317 3287 394 3362 est,
423 3274 560 3367 Helgii
574 3272 747 3365 pecuniei
771 3289 852 3342 esse
870 3273 1114 3359 restitutam,
1147 3275 1281 3365 patris
1299 3287 1431 3342 autem
1447 3296 1535 3343 non.
1591 3271 1739 3358 Quum'-

127 3441 194 3514 que
214 3415 360 3484 Saorra
378 3406 633 3500 intelligeret,
659 3431 698 3475 se
717 3405 808 3474 illos
823 3403 1030 3475 deltortori
1047 3405 1219 3500 nequire,
1253 3405 1610 3496 reconsiliationem
1636 3403 1739 3471 inter

127 3573 192 3620 eos
206 3569 254 3616 ao
273 3541 390 3615 Olaui
403 3537 509 3632 filios
527 3561 696 3634 quoerere
705 3538 876 3633 parauit
881 3538 1016 3631 potius
1024 3561 1138 3632 quam
1158 3539 1280 3608 caedes
1298 3549 1601 3628 renouarentur5
1639 3537 1740 3630 quod

128 3682 276 3780 quidem
286 3663 447 3770 fratres
470 3683 718 3767 acceperunt.
784 3671 930 3741 Snorro
955 3671 1093 3740 deinde
1118 3669 1455 3765 Hjarclarltoltum
1476 3695 1562 3739 cum
1586 3669 1738 3762 aliquot
1790 3693 1798 3706 ¹

123 3807 408 3913 profectuses't.
448 3801 1739 3899 Halcloruseumbengneexcepitrogauitque,utibilzospitaretur.
1857 3903 1860 3910 Ι

127 3952 274 4020 Snorro
290 3967 331 4013 se
345 3943 497 4010 domum
509 3938 726 4008 rediturum
740 3937 975 4030 affirmauit,-
989 3937 1087 4007 milii
1098 3951 1241 4023 autem,
1257 3938 1389 4030 inquit,
1407 3937 1541 4032 magni
1555 3933 1738 4006 momenti

119 4093 252 4151 tecum
266 4071 462 4168 negotium
478 4082 548 4142 est.
601 4070 699 4139 Inde
717 4091 841 4138 sermo
865 4071 915 4140 iis
938 4043 1113 4140 notus&¹
1138 4063 1283 4140 Snorro
1305 4069 1455 4164 quidem
1480 4069 1641 4162 aperuit
1664 4037 1737 4136 sua
1807 4157 1814 4176 1

128 4209 308 4306 negotia:
333 4204 538 4298 sequidem
560 4201 792 4294 comperisse
802 4203 978 4273 Bellium
1001 4226 1049 4271 ao
1071 4197 1100 4271 'I
1102 4202 1315 4272 ltorleikum
1335 4201 1448 4276 lzaud
1460 4202 1635 4297 amplius
1641 4209 1739 4301 fore

129 4355 342 4429 contentos,
358 4339 437 4408 nisi
457 4335 572 4409 Olaui
584 4333 670 4427 filii
683 4333 811 4405 Bollii
824 4334 962 4428 patris
975 4317 1350 4428 expiarentciedem.
1387 4335 1473 4430 Ego
1486 4358 1587 4422 uero,
1605 4315 1738 4433 inquit,

128 4478 331 4574 adquirere
345 4469 450 4542 uobis
466 4468 572 4550 uolui
584 4467 785 4564 gratiam,
811 4467 845 4535 si
851 4467 965 4560 forte
980 4479 1151 4540 uestrum
1169 4445 1423 4562 cognatorum
1436 4466 1554 4561 finiri
1577 4483 1741 4566 possent

130 4612 272 4679 clades.
330 4604 540 4675 Haldorus
569 4599 633 4670 ln’s
658 4624 734 4671 non
751 4601 987 4672 aduersatus
1016 4601 1074 4670 ita
1098 4601 1318 4693 respondit:
1351 4601 1442 4672 bene
1466 4600 1565 4670 milti
1587 4602 1737 4694 quidem
1837 4667 1842 4672 .

132 4749 369 4833 compertum
388 4747 456 4823 est,
477 4732 736 4826 Tltorgilsum,
761 4733 902 4806 Hallae
910 4731 1056 4826 fllium,
1076 4757 1124 4803 ac
1137 4733 1382 4826 Bolliifilios
1403 4729 1588 4802 statuisse
1602 4750 1739 4806 memet

132 4887 204 4946 aut
222 4873 375 4966 fratres
401 4892 504 4942 meos
521 4867 703 4964 aggredi,
737 4878 943 4966 antequam
972 4881 1015 4939 tu
1039 4869 1122 4939 illis
1142 4882 1380 4944 conuerteres
1399 4863 1632 4960 uindictam,
1666 4891 1738 4964 qvo

1428 4997 1566 5100 Qu?
