4256 5730
810 563 1023 682 Q
1068 556 1071 562 ,

111 799 356 906 itotjueorem
365 803 635 899 petereoellet.
684 800 846 908 -Bolliue
865 802 1088 897 respondit:
1112 801 1270 888 mulieri
1283 805 1485 888 Ibordieee
1500 831 1635 885 nomen
1657 829 1717 886 est

108 966 156 1014 ac
161 953 285 1037 pater
293 941 439 1034 Snorro
455 935 635 1008 antistes..
689 934 720 1006 'I
720 934 799 1006 alis
817 931 891 1002 illa
896 932 1078 1022 foemina
1099 951 1167 1024 est,
1195 951 1238 1010 ut
1250 939 1359 1010 illius
1375 943 1716 1036 nuptiasmaxime
1803 915 1805 922 ,

104 1087 259 1168 petam,
292 1093 360 1142 neo
377 1069 482 1141 brevi
497 1067 792 1140 matrimonium
811 1062 936 1153 inibo,
971 1065 1005 1136 ei
1029 1067 1113 1138 liceo
1138 1050 1236 1142 milei
1263 1073 1434 1142 conditio
1460 1076 1715 1170 denegabitur

104 1201 142 1274 ἃ
152 1204 287 1298 magni
301 1202 447 1294 referre
463 1201 652 1291 existimo,
677 1199 828 1271 utiliaec
833 1197 1012 1288 feliciter
1016 1187 1247 1294 procedant.
1306 1205 1533 1276 Tltorlcellus
1545 1229 1712 1300 respon-

101 1335 181 1405 dit:
207 1336 249 1404 in
265 1333 337 1404 boo
355 1333 437 1423 tibi,
457 1333 669 1426 privigne!
692 1309 837 1402 morem
849 1349 1007 1424 geram,
1031 1337 1129 1427 qood
1147 1336 1251 1406 banc
1274 1353 1435 1405 oausam
1449 1361 1712 1430 promoveam,

100 1466 136 1536 si
156 1465 326 1560 alicujus
348 1467 504 1558 referre
521 1455 770 1536 existimaris.
842 1461 896 1534 Et
919 1463 1067 1557 qoielem
1094 1489 1208 1562 spero
1232 1467 1337 1537 bano
1363 1491 1442 1539 rem
1466 1493 1492 1538 a
1516 1471 1711 1544 Snorrone

90 1595 258 1690 facilem
274 1597 589 1696 impetratulesse,
610 1617 703 1669 nam
720 1589 893 1666 tlte'sane
912 1591 1116 1689 intelliget,
1127 1596 1266 1670 bonum
1286 1598 1362 1669 sibi
1377 1601 1419 1670 in
1437 1614 1473 1670 te
1491 1599 1626 1695 offerri
1638 1629 1712 1697 ge·

98 1749 244 1800 nerum.
292 1727 487 1800 Gudruna
496 1726 619 1798 dixit:
646 1721 1195 1820 tacitaetoqvaratortette!
1219 1752 1278 1804 me
1291 1731 1710 1826 nullireiparcendum

98 1859 340 1950 existimare,
367 1872 412 1930 ut
427 1859 586 1932 Bollius
603 1857 707 1938 banc
732 1855 1009 1947 conditionem,
1046 1882 1126 1952 qvoe
1152 1861 1233 1954 ipsi
1251 1864 1402 1955 placet,
1435 1858 1709 1962 nanciscatur,

97 2015 193 2064 nam
210 1988 249 2062 b<
263 1993 376 2061 illum
391 1992 560 2062 maxime
575 1989 698 2080 diligo
714 1980 753 2057 b(
776 1987 845 2058 ille
860 1989 901 2058 in
916 1989 1013 2060 meis
1026 1991 1148 2079 jussis
1165 1996 1408 2088 exsequendis
1432 1997 1599 2067 omnium
1625 2023 1709 2070 me-

96 2145 209 2225 orum
224 2119 432 2194 liberorum
448 2117 713 2210 manimefuit
728 2117 872 2188 alacer.
931 2118 1176 2210 Tborbellus,
1216 2125 1357 2218 sejam
1378 2129 1622 2200 constituisse
1637 2134 1708 2222 afss

84 2219 270 2347 firmarit
284 2252 440 2324 honeste
447 2233 623 2323 Bollium
637 2231 840 2318 dimittere.
893 2249 955 2337 Id,
974 2235 1110 2346 inqbit,
1126 2251 1262 2324 multis
1279 2257 1325 2326 de
1342 2244 1705 2355 causisoeqoumest,

94 2383 270 2457 Bellium
285 2385 598 2456 enimstrenuum
622 2379 941 2469 virumsuturum
956 2393 1127 2453 autumo.
1179 2365 1401 2482 Paulopost
1415 2391 1641 2466 Tltorlcellus
1657 2421 1706 2466 ac

91 2515 253 2590 Bolliue
263 2515 398 2586 multis
406 2515 553 2610 qoidem
564 2509 839 2584 comitantibus
853 2513 966 2584 domo
977 2511 1165 2604 profecti,
1190 2519 1329 2590 itinere
1344 2523 1456 2592 baud
1471 2495 1713 2618 intermisso,

93 2662 302 2744 antequam
310 2616 562 2740 pervenirent
579 2643 767 2738 Tangam.
819 2645 966 2743 Snorro
980 2646 1073 2716 illos
1099 2671 1244 2742 magna
1262 2673 1346 2720 cnm
1367 2655 1548 2726 comitate
1564 2679 1617 2726 ac
1636 2658 1703 2730 be.

94 2782 292 2877 nignitate
300 2778 460 2874 excepit.
485 2776 708 2860 Potatione,
719 2797 831 2869 qvam
841 2776 987 2846 Snorro
992 2776 1207 2870 praebebat,
1219 2780 1455 2856 ibibomines
1471 2787 1701 2863 exhilarati.

100 2877 316 2998 lbordisa,
363 2907 572 2980 Snorronis
594 2907 712 2998 filia,
761 2908 873 2998 apud
898 2919 1059 2998 patrem
1093 2911 1198 2980 domi
1231 2909 1393 3000 aderat,
1431 2913 1572 3008 rieulier
1598 2885 1703 3012 'for-

92 3067 204 3115 mosa
230 3065 277 3110 ac
296 3039 483 3132 insignis,
508 3059 692 3130 qoamqoe
715 3019 1020 3126 aliquotnootes
1045 3038 1190 3131 Tungoe
1209 3015 1436 3130 mansisset,
1474 3048 1701 3123 ttorkettus

89 3172 325 3269 nuptiarum
343 3169 604 3262 petendarum
621 3185 780 3234 caueam
797 3185 912 3256 agere
931 3167 1096 3259 occepit,
1118 3169 1305 3262 petiitqoe
1321 3173 1447 3242 Bollii
1462 3179 1614 3249 nomine
1630 3183 1701 3270 af-

88 3306 259 3376 nitatem
284 3322 369 3369 oum
391 3299 584 3367 Snorrone
602 3293 640 3366 8<
658 3292 889 3364 connubium
915 3317 999 3364 cum
1023 3296 1236 3386 lbordisa,
1275 3299 1385 3369 illius
1396 3303 1502 3392 filia.
1556 3311 1701 3382 Snorro

89 3431 314 3529 rospondit:
344 3425 596 3518 honorificam
612 3424 759 3520 quidem
765 3423 961 3516 petionem
982 3425 1168 3513 instituis,
1196 3429 1256 3498 uti
1272 3453 1297 3498 a
1314 3443 1350 3502 te
1355 3433 1446 3522 fuit
1461 3443 1700 3534 sperandum

87 3563 205 3659 &ego
217 3563 363 3657 quidem
379 3559 470 3630 buia
487 3579 618 3631 caasoe
634 3558 729 3626 loeta
741 3556 903 3626 reddam
921 3579 1131 3650 responsa3
1145 3559 1306 3632 Bollius
1322 3566 1423 3636 enim
1439 3569 1536 3640 mibi
1548 3573 1701 3644 videtur

88 3697 253 3792 optimae
274 3693 359 3788 spei
377 3693 454 3780 oir,
478 3713 598 3786 eaque
610 3687 752 3771 mulier
767 3685 856 3757 bene
873 3689 1037 3778 elacata,
1064 3713 1148 3784 qvae
1169 3691 1233 3761 illi
1250 3698 1437 3793 nupserit.
1492 3702 1542 3772 Id
1571 3716 1699 3778 tamen

86 3828 258 3898 maxime
274 3823 463 3906 intererit,
489 3833 533 3891 ut
548 3822 632 3892 boeo
656 3819 1023 3922 Thordieoefuerint
1033 3822 1203 3914 placita.
1259 3827 1342 3895 Illa
1361 3830 1461 3902 enim
1488 3837 1564 3904 tali
1577 3840 1702 3908 solum

85 3959 174 4030 aira
192 3967 358 4048 nuptum
374 3956 449 4023 erit
469 3955 578 4040 data,
598 3975 678 4046 qvce
692 3945 772 4046 ipsi
789 3943 881 4021 bene
891 3953 1106 4024 conveniat.
1158 3955 1353 4052 Hoecjam
1371 3986 1493 4034 causa
1504 3969 1558 4035 ad
1575 3927 1701 4038 ΤΙιονζ

87 4091 219 4160 disum
255 4085 410 4172 delata,-
463 4083 653 4152 illaocro
681 4082 739 4149 ita
761 4081 854 4171 fere
891 4087 1110 4176 respondit,
1159 4111 1198 4156 se
1225 4094 1362 4182 patris
1397 4121 1556 4167 usuram
1590 4123 1698 4186 cura,
1768 4112 1771 4120 '
1858 4121 1859 4128 ¹

86 4247 126 4293 se
142 4215 338 4291 lubentius
355 4214 501 4300 Bollii,
515 4238 561 4284 ea
577 4215 705 4284 eodem
719 4235 829 4305 pago
846 4215 1015 4303 oriundi,
1042 4239 1198 4287 uxorem
1207 4220 1411 4315 suturam,
1439 4253 1548 4323 qoam
1576 4232 1701 4324 ignoti

85 4353 167 4426 oiri
182 4375 229 4420 ex
243 4347 400 4418 remotis
416 4343 648 4441 regionibus.
702 4343 893 4438 Qoumqoe
911 4347 1057 4416 Snorro
1079 4349 1315 4444 intelligeret
1331 4358 1445 4434 illam
1462 4361 1573 4431 baud
1592 4365 1699 4436 invi-
1724 4405 1727 4414 ·

87 4497 171 4554 tam
192 4480 319 4552 Bollii
335 4479 498 4572 nuptias
526 4483 797 4570 accepturam,
833 4475 917 4545 boec
938 4488 1031 4546 rata
1050 4479 1173 4568 sacta
1202 4508 1250 4552 ac
1276 4494 1481 4581 sponsalia
1504 4495 1700 4564 celebrata

86 4615 411 4704 constitutumqoe
435 4623 477 4678 ut
510 4607 713 4702 nuptialia
738 4608 850 4699 apud
864 4609 1095 4678 Snorronem
1106 4611 1245 4698 fierent
1266 4620 1322 4686 ad
1340 4624 1506 4693 medium
1531 4627 1695 4692 astatis.

85 4747 168 4819 His
190 4743 364 4840 peractis
388 4739 614 4809 Tborkellus
643 4762 690 4805 ac
710 4739 867 4848 Bollius
901 4740 1173 4834 Helgafollum
1197 4749 1523 4824 domumrediore.
1583 4754 1698 4824 Jam-

87 4903 155 4974 qve
164 4875 322 4949 Bollius
336 4872 440 4943 domi
451 4855 639 4944 remansit
655 4895 772 4966 usqae
787 4873 842 4942 acl
857 4874 1053 4970 nuptialis
1071 4880 1237 4952 convivii
1253 4894 1412 4974 tempus.
1473 4883 1699 4960 Tborlellus
