4282 5714
859 515 1072 630 ...eL

812 762 942 849 CAP.
987 757 1122 846 xvi·

358 918 455 1023 Hoc
484 953 571 1042 sere
592 913 762 1048 tempore
777 955 983 1050 Asgoutus
1013 953 1167 1023 domum
1184 917 1301 1023 rediit
1323 921 1404 1026 &a
1424 955 1592 1050 Vigcliso
1610 951 1768 1052 benigne

159 1096 342 1178 exceptus
357 1085 545 1182 simulque
559 1097 733 1181 rogotuS,
762 1089 871 1184 qoali
897 1087 1069 1182 hospitio
1092 1085 1318 1176 Saudofelli
1338 1088 1399 1156 usi
1428 1088 1526 1178 sint‚·
1553 1087 1621 1160 ille
1636 1101 1768 1160 autern

160 1217 344 1288 laudavit
369 1217 585 1311 hospitium
601 1231 717 1315 atqve
746 1221 960 1291 novissima
983 1217 1153 1311 Thorolfi
1181 1209 1297 1290 verbo
1320 1219 1570 1325 memoraoit3
1604 1220 1687 1290 hac
1704 1217 1768 1302 illi

158 1349 323 1416 multum
335 1349 533 1442 placuere.
593 1351 650 1420 Tu
675 1352 783 1444 jam,
810 1353 954 1446 inquit,
979 1347 1182 1442 Asgoute!
1208 1349 1298 1420 bens
1327 1364 1442 1447 atque
1455 1331 1769 1444 fideliter'neg'o-

154 1459 217 1547 'tio
233 1491 302 1547 tuo
319 1479 537 1574 perfecisti,
563 1483 700 1552 statim
721 1483 851 1580 itaque
871 1483 987 1566 scius,
1004 1483 1105 1576 qvod
1119 1479 1189 1550 tibi
1206 1481 1353 1552 loboris
1364 1483 1768 1576 proemiumsuturum

159 1609 230 1679 sit:
272 1611 313 1679 in
340 1609 558 1681 libertatem
581 1621 617 1681 te
640 1615 812 1704 vindico,
852 1615 910 1684 ito
935 1589 984 1685 'ut
1009 1624 1106 1709 post
1130 1611 1233 1682 ltunc
1256 1614 1357 1682 diem
1375 1638 1455 1707 pro
1478 1614 1598 1684 libero
1615 1613 1769 1684 homine
1838 1647 1844 1660 ·

156 1739 356 1810 habendus
372 1742 447 1831 sis,
474 1757 673 1838 prostereu
698 1748 876 1840 accipias
897 1747 1011 1815 illam
1020 1743 1243 1840 pecuniam,
1271 1769 1385 1840 qoam
1410 1745 1586 1816 Tkordus
1598 1769 1678 1840 pro
1695 1769 1767 1815 ca-

151 1872 240 1966 pite
268 1872 439 1966 Tkorolfi
461 1876 680 1972 propinqui
702 1879 777 1950 mei
801 1861 966 1972 recipit,
1007 1877 1065 1946 ita
1092 1878 1193 1948 enim
1214 1875 1308 1947 ‘hoec
1331 1878 1504 1970 pecunia
1541 1878 1582 1948 in
1609 1875 1767 1947 meliors

157 2004 241 2074 loco
269 2004 449 2098 deposito
477 2007 642 2102 cicietur.
714 2011 796 2079 Pro
826 2009 898 2080 hoc
914 1999 1290 2102 munercdsgoutus
1313 2007 1439 2079 multti
1464 2009 1665 2081 uerborum
1688 2009 1769 2081 ele-

152 2135 299 2232 gantia
324 2134 387 2203 itti
405 2137 566 2229 gratias
586 2139 733 2208 retulit.
782 2139 931 2208 Eodem
947 2137 1301 2232 cestoteAsgoutus
1318 2138 1413 2210 novi
1430 2143 1486 2210 od
1502 2141 1767 2234 Dogverdor-

156 2289 224 2336 nes
246 2271 507 2358 comparato,
534 2265 576 2336 in
598 2267 725 2337 citum
751 2283 900 2354 vectus,
934 2281 1048 2362 atqve
1067 2268 1345 2340 vehementiore
1361 2295 1453 2340 usus
1475 2284 1587 2344 uento
1610 2272 1767 2366 ideoqve

157 2397 232 2467 iter
250 2395 357 2470 brevi
371 2421 544 2468 emensus
565 2401 622 2470 od
636 2391 882 2494 Norvogiom
897 2399 1080 2494 appulit,
1115 2401 1252 2471 deinde
1267 2401 1446 2488 Doniom
1470 2381 1674 2498 profectus
1690 2402 1768 2474 ibi-

157 2529 243 2598 ciem
268 2528 343 2598 sibi
355 2527 452 2622 fixit
481 2533 628 2620 sedem,
668 2526 706 2601 ἃ
725 2532 794 2602 ille
820 2533 971 2628 qvidem
987 2531 1041 2601 ibi
1055 2531 1183 2623 fortis
1206 2531 1519 2626 viritobebotur5
1537 2537 1692 2630 jamque
1710 2535 1766 2605 il-

157 2661 236 2732 lius
252 2659 544 2754 historioeflnis.
610 2666 754 2737 Verum
770 2675 867 2760 post
879 2664 1041 2755 factam
1055 2663 1282 2759 pactionem
1305 2665 1407 2736 inter
1438 2665 1634 2738 Tiordum
1657 2667 1769 2739 God-

157 2794 265 2864 dium
285 2805 401 2890 atqve
416 2795 643 2891 Ingjoldurn
671 2797 1041 2892 Soudeyorgodum,
1078 2820 1164 2868 cum
1182 2795 1450 2894 propinqvum
1466 2800 1508 2873 V
1506 2799 1643 2894 igdisoe
1662 2797 1767 2870 tho-

157 2923 304 3016 rolsunt
323 2949 343 2994 e
362 2927 486 2996 medio
510 2927 647 2998 tollere
670 2929 902 3017 voluissent,
931 2929 1004 2998 itta
1034 2929 1120 3000 viro
1148 2928 1348 2998 inimicam
1376 2953 1415 3000 se
1449 2930 1623 3002 exhibuit
1651 2943 1767 3027 atqve

147 3055 253 3149 fecit
267 3056 480 3137 divortium
497 3083 583 3129 cum
607 3059 760 3131 Tltordo
779 3060 945 3146 Goddio,
972 3054 1010 3130 8<
1029 3061 1085 3128 oct
1103 3061 1348 3155 propinquos
1365 3059 1477 3147 obiit,
1497 3057 1764 3157 &qvaesocto

157 3197 284 3262 essent
296 3187 444 3260 retulit.
502 3191 657 3264 Tkordo
677 3191 833 3262 Gellero
855 3189 928 3262 icoc
946 3213 1096 3286 porum
1115 3190 1286 3284 placuit,
1302 3196 1442 3264 'tomen
1460 3192 1591 3264 omnia
1608 3189 1765 3263 silentio

153 3331 349 3417 peracto5
392 3343 460 3389 nec
482 3323 652 3414 Vigdisa
676 3323 771 3416 plus
785 3322 966 3415 pecunius
994 3313 1422 3430 Godclostodis'cecum
1457 3321 1611 3411 avexit,
1651 3341 1766 3418 quom

30 3525 33 3532 ,
159 3451 314 3522 cimelia
337 3475 421 3520 sua.
491 3453 582 3524 Viri
612 3453 894 3524 Hvommenses
927 3450 1165 3522 sermonibus
1186 3449 1402 3546 jactabant
1431 3478 1472 3523 se
1502 3453 1616 3524 illam
1640 3477 1786 3548 pecu--

159 3583 281 3672 niam,
304 3606 419 3678 qvam
450 3583 628 3654 Titorclus
647 3585 824 3656 Goddius
839 3557 1048 3673 tutaretur,
1065 3583 1339 3678 requisituros3
1366 3585 1421 3654 od
1436 3583 1520 3654 koec
1540 3585 1607 3654 ille
1626 3587 1766 3655 admo·
1885 3624 1889 3634 ·

135 3797 137 3804 s
159 3716 250 3785 dum
260 3713 517 3787 contristatus
528 3719 584 3786 oct
591 3715 837 3787 Hosiuldum
851 3725 944 3814 equo
959 3715 1114 3792 vehitur
1126 3729 1242 3812 atqve
1253 3715 1316 3786 illi
1324 3739 1417 3786 suas
1427 3711 1676 3811 difficultates
1685 3741 1767 3787 me·
1895 3750 1898 3758 ¹

159 3845 341 3918 moraoit.
416 3845 523 3919 Tunc
554 3849 804 3922 Ho'ckulclus:
854 3873 948 3924 sons
974 3848 1046 3920 tibi
1068 3861 1187 3920 anteo
1218 3860 1322 3919 metu
1352 3861 1554 3946 correptus
1585 3861 1642 3920 est
1673 3849 1768 3951 oni-

160 3975 246 4049 mus
282 3979 437 4072 qvando
467 4003 551 4050 csm
572 3979 863 4074 potentioribus
907 3983 1213 4054 contendendum
1250 3993 1347 4052 crat.
1448 3983 1553 4053 Tunc
1591 3979 1770 4078 Thorclus

160 4097 368 4178 Hoskuldo
412 4111 624 4200 pecuniam
649 4111 792 4182 obtulit
818 4113 873 4182 od
899 4136 1010 4206 opem
1042 4110 1340 4203 sibiferendom
1377 4137 1487 4208 seque
1525 4113 1636 4216 licuit
1661 4135 1771 4209 por-

163 4261 248 4310 cum
266 4233 362 4330 fore
375 4241 573 4334 promisit.
632 4243 862 4319 Hoskuldus
880 4241 1158 4344 respondebat:
1175 4255 1375 4338 expertum
1389 4245 1480 4340 jam
1502 4260 1570 4336 est,
1601 4259 1638 4318 te
1667 4245 1770 4316 tolia

163 4395 360 4467 nunquam
372 4386 496 4468 pacto
515 4375 625 4466 inire,
641 4387 686 4446 ut
700 4373 845 4480 otiqcis
864 4397 980 4471 opum
997 4387 1154 4446 tuarum
1167 4374 1374 4472 particeps
1383 4379 1583 4450 reddatur.
1642 4378 1771 4450 Thor-

165 4505 238 4575 duc
263 4504 387 4578 dixit:
445 4507 536 4578 Jom
562 4521 691 4580 tamen
712 4506 772 4576 ito
799 4508 987 4598 nouerit,
1020 4531 1111 4580 nom
1127 4509 1267 4578 dextra
1285 4509 1383 4578 duta
1409 4510 1479 4580 tibi
1496 4511 1671 4582 lubenter
1687 4530 1771 4578 om-

166 4657 234 4705 nes
260 4661 352 4730 opes
380 4641 537 4710 tradere
559 4640 648 4710 colo
673 4652 789 4734 otqce
817 4639 978 4734 insuper
988 4639 1081 4734 filio
1107 4651 1174 4711 tuo
1195 4640 1319 4714 Otovo
1336 4643 1603 4714 educationem
1633 4635 1772 4732 offerre
1858 4683 1864 4690 ·

166 4759 310 4862 &post
332 4791 457 4840 mcum
479 4769 624 4839 obitum
650 4771 713 4840 itti
740 4795 868 4843 omnes
891 4795 983 4868 opes
1012 4785 1241 4844 testamento
1265 4773 1489 4868 assignare,
1522 4771 1654 4842 nullus
1670 4767 1771 4840 enim

1489 4905 1571 4973 Gs
