4274 5728
800 593 803 602 *
857 533 1072 654 Α.

146 776 273 874 Caput
286 780 351 850 illi
354 781 463 872 pelle
473 778 691 869 obtectum„
717 779 946 866 Tlrcrkellas
957 781 1006 850 ab
1017 805 1107 876 oqva
1122 783 1350 854 descendens
1360 785 1521 856 enndem
1534 788 1591 858 od
1612 789 1761 880 tngnrii
1807 847 1811 868 ,

139 891 332 1004 parietem
343 913 522 1002 revinxit,
539 915 676 984 deinde
687 915 893 1001 arllacrnn,
910 911 1100 984 ubiltomo
1114 891 1297 1004 consedit,
1317 940 1562 1010 progressus.
1600 921 1759 988 Grirmrs

76 1089 77 1094 κ
141 1041 1240 1140 bominisambramconspexitper·aqvoesuperficiemsese
1256 1061 1469 1118 moventem
1489 1037 1759 1144 confestimqve

141 1173 323 1244 surrexit.
367 1175 461 1245 Tum
474 1176 1115 1270 Thorkellrtsillipropeadstabat,
1137 1179 1344 1271 strictoque
1357 1181 1495 1272 gladio
1517 1205 1675 1250 rnanrnn
1696 1169 1770 1251 itli'

140 1329 265 1400 snpra
275 1331 438 1401 carpum
436 1307 557 1398 feriit
563 1334 578 1396 ‚·
597 1311 707 1380 leand
718 1319 846 1378 tamen
856 1331 1039 1400 inagnum
1051 1309 1114 1378 illi
1125 1309 1260 1378 intulit
1273 1312 1421 1380 vulnus.
1452 1311 1611 1380 Grirnns
1630 1313 1756 1382 'I'lror-

138 1435 281 1506 kellnm
293 1440 428 1508 statim
441 1442 608 1543 adortos
624 1441 752 1533 coepit
767 1463 853 1510 curn
869 1439 940 1508 illo
958 1414 1132 1508 luctari.¹
1174 1441 1268 1510 Tam
1287 1465 1375 1510 vero
1388 1443 1530 1510 virium
1549 1445 1757 1514 discrimen

137 1569 239 1638 sotis
270 1572 445 1660 evidens5
497 1571 726 1642 leorlellns
759 1571 860 1641 enim
887 1571 1064 1657 cecidit,⁴
1086 1563 1316 1665 Grimnsqre
1339 1597 1457 1664 super
1478 1574 1602 1647 illum.
1662 1577 1757 1644 Turn

139 1702 298 1774 Grimns
318 1705 494 1796 rogavit,
522 1705 586 1797 qvi
603 1704 667 1772 iric
682 1703 795 1774 lzomo
812 1715 920 1799 esset.
979 1701 1207 1774 Thorlellas
1226 1699 1298 1772 ltoc
1316 1701 1397 1797 eJ'ns
1415 1703 1562 1794 referre
1585 1707 1753 1800 negavit.

139 1833 298 1904 Grimns
317 1835 436 1904 dixit:
452 1836 542 1929 jam
561 1834 682 1904 aliter
697 1835 843 1904 accidit
861 1845 974 1928 atqve
992 1845 1035 1902 tn
1051 1834 1290 1904 constituisti
1297 1883 1311 1917 ,
1346 1836 1540 1904 tnoeenim
1551 1837 1636 1924 jam
1664 1839 1755 1906 oitoe

133 1989 253 2060 penes
273 1989 332 2034 me
351 1979 407 2034 est
432 1966 653 2036 arbitrium.
712 1965 942 2045 Tborkellns
968 1965 1139 2058 negavit,
1174 1983 1213 2033 se
1228 1989 1369 2057 pacem
1386 1966 1752 2060 abeopetlturnm5
1781 2031 1790 2048 ,

135 2098 266 2190 iniqvo
282 2098 395 2184 enim,
419 2096 555 2190 inqvit,
576 2121 644 2188 ego
654 2095 930 2188 premorfato.
979 2093 1144 2164 'Grimns
1158 2093 1332 2165 dixitsot
1348 2121 1494 2190 magna
1514 2099 1650 2190 sejam
1663 2097 1754 2190 sta-

130 2229 236 2322 gitia
250 2209 523 2322 perpetrasse,
549 2227 623 2296 etsi
637 2228 713 2296 bac
731 2227 811 2297 vice
829 2227 984 2294 nullum
1000 2227 1173 2296 adderet.
1224 2228 1277 2297 Et
1292 2227 1407 2296 alind
1422 2227 1495 2296 tibi
1512 2229 1751 2319 sanefaturn

133 2361 230 2450 erit,
264 2383 377 2455 qvam
402 2371 447 2429 ut
471 2363 512 2428 in
536 2360 610 2429 lzoc
632 2369 767 2429 nostro
782 2353 988 2452 congressu
1002 2357 1210 2454 moriaris,
1235 2369 1273 2426 et
1290 2381 1360 2450 ego
1377 2349 1449 2426 tibi
1467 2359 1590 2428 vitam
1613 2383 1770 2430 conce--

132 2495 246 2582 dam,·
278 2504 320 2562 tu
340 2515 430 2563 vero
448 2491 521 2561 boc
545 2492 604 2562 ita
630 2514 868 2582 remaneres,
899 2491 959 2560 uti
982 2489 1055 2560 tibi
1079 2490 1246 2561 maxime
1271 2489 1386 2578 foret¹
1398 2491 1606 2582 placitum.
1660 2491 1749 2560 Jom
1780 2477 1783 2484 ¹

133 2611 492 2720 niriqvesmrexere
509 2618 546 2692 8<
562 2625 617 2692 ad
628 2605 825 2716 tegurium
833 2616 1136 2725 revertebantur.
1196 2619 1423 2690 'Iborkellns
1435 2609 1612 2692 Grimrlm
1626 2646 1749 2716 song-

132 2759 235 2836 vinis
252 2754 450 2852 profluvio
465 2753 674 2860 *debilitari
697 2755 919 2846 conspexit5
960 2767 997 2824 et
1014 2765 1139 2822 sumto
1158 2752 1312 2844 lapide,
1346 2753 1406 2844 qvi
1425 2753 1648 2846 Skb'fnirngo
1665 2755 1751 2824 ine-

133 2903 224 2980 rat,
245 2887 444 2984 applicuit
464 2887 643 2968 eandem,
669 2911 899 2979 (nariumque
918 2888 1045 2955 Grimi
1065 2883 1277 2977 deligavit,
1306 2895 1454 2978 tumqve
1481 2886 1643 2956 cessavit
1665 2912 1749 2957 om-

131 3015 706 3097 nisdoloractnmorvulneris.
743 3015 1060 3110 xIbierrmnoctem
1075 3025 1314 3082 nzarrscrnnt.
1357 3015 1749 3112 Seqventeopterndie

137 3151 367 3229 Tltorlcellus
390 3145 498 3217 abire
521 3143 688 3238 partivit
712 3145 953 3238 rogavitqve,
987 3167 1040 3212 an
1063 3143 1222 3211 Grimrrs
1241 3135 1353 3210 illurn
1371 3142 1472 3234 seqvi
1492 3143 1618 3212 vellet.
1672 3148 1748 3216 Ille

133 3313 225 3363 vero
248 3309 287 3354 se
313 3281 411 3353 velle
432 3278 654 3370 affirmavit.
719 3275 948 3345 Tlrorkellrrs
971 3275 1107 3342 statim
1128 3273 1184 3340 orl
1211 3271 1471 3339 occidentalia
1496 3275 1640 3356 tendit,
1680 3301 1746 3344 nec

23 3455 25 3470 ·
130 3421 275 3492 Eidmn
297 3410 494 3498 convenit,
527 3409 638 3479 baud
661 3406 880 3478 intermisso
907 3405 1063 3488 itinere,
1098 3415 1302 3497 antequam
1324 3395 1746 3496 Saelingsdolslnngam
1825 3473 1827 3478 ,

129 3546 362 3646 perveniret.
413 3527 558 3614 Snorro
573 3541 739 3612 antistes
756 3563 840 3610 eum
855 3539 1027 3608 maxima
1048 3559 1132 3605 cam
1152 3535 1328 3633 amicitia
1340 3533 1499 3632 occepit.
1537 3535 1747 3650 'Tlrorlel-

134 3687 195 3756 los
210 3681 284 3755 noc
299 3679 378 3752 sibi
389 3675 581 3759 itermalc
598 3673 755 3742 cessisse
775 3668 1086 3765 conaverebatnr.
1140 3667 1197 3740 At
1210 3668 1354 3746 Snorro
1372 3665 1462 3735 bene
1479 3667 1637 3734 cessisse
1651 3691 1746 3736 con-

134 3816 259 3889 tendit
277 3816 428 3884 dicens:
454 3833 522 3903 ego
539 3810 578 3876 in
599 3806 734 3876 Grimo
750 3804 888 3873 melius
899 3803 1037 3894 fatum
1058 3799 1273 3892 conspicio,
1298 3779 1745 3892 oclimqveutbenignnm

135 3963 171 4019 te
189 3971 283 4040 ergo
307 3945 419 4014 illrnn
444 3937 638 4008 exhiberes
656 3933 694 4004 ἃ
713 3937 863 4030 qvidem
891 3933 965 4002 tibi
989 3935 1211 4018 svaderern,
1238 3931 1339 3998 dixit
1360 3932 1527 4017 Snorro‚
1555 3941 1597 3998 ut
1614 3930 1744 3998 missis

121 4085 214 4176 jam
222 4065 606 4170 peregrinationibus
616 4077 760 4136 certam
777 4065 847 4134 tibi
861 4067 1155 4159 sedemqvoeros,
1182 4085 1408 4156 nxoremqve
1425 4063 1638 4131 doceresac
1655 4085 1744 4130 ma·-

129 4213 345 4308 gistrotum
369 4183 689 4296 occrrpares‚²zrti
718 4189 786 4265 lna
803 4197 893 4286 fert
912 4195 1067 4290 generis
1099 4193 1297 4264 nobilitas.
1367 4193 1593 4263 Tlrorlcellus
1624 4195 1745 4264 dixit:
1845 4281 1849 4294 .

132 4368 241 4439 soepe
268 4353 337 4409 tna
360 4335 524 4407 consilia
546 4327 644 4402 milti
660 4355 803 4424 magno
809 4329 929 4420 foere
941 4327 1215 4408 emolmnenw,
1241 4337 1392 4420 tumqve
1406 4325 1474 4394 ille
1489 4325 1662 4418 rogavit,
1690 4351 1744 4396 an

133 4477 224 4571 qvid
237 4462 497 4568 reputaverit,
524 4488 607 4558 qoce
622 4463 686 4532 illi
705 4474 803 4532 esset
816 4461 986 4554 petenda
1005 4483 1113 4528 uxor.
1168 4457 1314 4528 Snorro
1330 4457 1552 4551 respondit:
1576 4481 1661 4526 eam
1674 4456 1745 4524 tibi

129 4619 247 4703 petas
274 4627 448 4686 uxorem,
484 4621 564 4692 qeoe
580 4594 918 4690 prastantissima
934 4604 1011 4680 est,
1044 4591 1128 4661 linc
1146 4605 1277 4662 cirtem
1291 4603 1348 4660 est
1365 4592 1576 4667 Gndrnna‚
1614 4587 1742 4656 Osm'sti

123 4727 228 4836 filii.
270 4729 718 4806 Tborkellnslsocvcrrrm
733 4725 984 4817 confirmavit,
1010 4725 1266 4794 conditionem
1278 4715 1639 4806 bancbonoristcam
1652 4739 1741 4804 esse,

33 4863 37 4870 ¹
136 4873 245 4942 illins
257 4859 703 4960 antern,irrqvit,ssrocicr
716 4857 1226 4968 magnornmqvemolimino
1237 4845 1663 4941 rerommibigravioro
1681 4849 1738 4918 vi-
