4282 5714
847 521 1060 645 „23-

146 774 321 850 humana
339 773 481 846 audita
501 795 592 864 vox,
620 773 706 865 jam
732 795 775 842 eo
793 769 986 866 pergebat
1006 793 1078 867 qvo
1104 769 1340 841 declinantis
1366 773 1458 867 agri
1489 771 1628 866 infima
1648 778 1757 853 rivus

143 906 395 998 allambebat,
421 907 545 1003 ibiqve
567 908 643 978 duo
667 905 841 976 homines
860 903 1078 999 conspexit,
1117 915 1232 998 atqve
1257 905 1420 998 agnovit
1445 906 1611 978 Olavum
1622 909 1757 1002 filium

142 1039 327 1138 illiusqve
350 1049 526 1109 matrem.
599 1039 694 1141 Tum
724 1038 873 1134 qvidem
898 1035 1086 1130 comperit
1115 1059 1202 1144 eom
1238 1060 1315 1108 non
1344 1051 1611 1142 esse'mutam,
1650 1043 1758 1112 mul·
1806 1093 1816 1110 ,
1918 1121 1923 1130 .

143 1185 227 1243 tum
250 1165 351 1246 enim
372 1193 457 1240 eum
475 1189 602 1264 puero
631 1169 874 1266 loqvebatur.
936 1167 1031 1238 Tum
1047 1165 1276 1239 Hbsbuldus
1298 1190 1361 1238 eos
1385 1169 1584 1256 convenit,
1619 1171 1757 1245 illam-

141 1325 211 1400 qve
227 1303 387 1398 rogavit
400 1307 538 1371 nomen
551 1302 723 1396 dinitqve
741 1303 804 1372 illi
821 1311 912 1372 non'
928 1298 1103 1394 amplius
1119 1300 1379 1394 profuturam
1392 1301 1756 1378 dissimulationem.

139 1434 223 1507 Illa
247 1435 394 1541 sejam
416 1433 659 1504 elocuturum
682 1433 906 1530 affirmavit.
973 1431 1039 1544 bio
1064 1431 1105 1536 in
1127 1433 1273 1536 clivulo
1306 1435 1571 1506 consederunt.
1639 1437 1764 1540 ‚liena

141 1565 236 1636 illa:
269 1551 306 1634 si
330 1587 489 1652 nomen,
528 1564 673 1662 inavit,
706 1590 831 1638 meum
853 1563 953 1634 scire
979 1587 1119 1634 curas:
1162 1565 1369 1637 Melborba
1398 1589 1524 1638 vocor.
1575 1567 1756 1641 Hbslsul-
1813 1563 1817 1572 ’

139 1699 213 1770 dus
229 1697 343 1768 illam
350 1696 449 1791 plus
469 1698 516 1768 de
526 1719 666 1794 genere
684 1721 875 1769 enarrare
892 1697 1061 1793 rogavit.
1113 1692 1197 1769 llla
1214 1687 1324 1770 vero:
1363 1697 1641 1794 Myrbjurtan,
1688 1702 1754 1773 in-

138 1831 240 1928 qvit,
277 1832 633 1924 estnomeupatri,
667 1853 830 1926 regnum
852 1829 1072 1919 Hibernia,
1105 1855 1175 1926 ego
1199 1833 1287 1904 XV
1307 1855 1433 1902 annos
1458 1843 1558 1902 nota
1590 1834 1753 1928 captiva

139 1963 292 2034 ablata.
340 1963 583 2072 Hbsbuldus
610 1963 727 2034 nimis
754 1964 823 2072 diu
841 1963 1133 2072 dissimulatam
1155 1974 1312 2032 tantam
1331 1962 1577 2033 nobilitatem
1597 1967 1753 2059 generis

137 2044 452 2207 conqvcrebatub.
505 2065 734 2164 Hdsbuldus
760 2107 891 2162 autem
910 2059 1068 2162 domum
1086 2115 1302 2218 regressus,
1328 2093 1421 2187 qvid
1441 2117 1553 2164 novoe
1567 2096 1625 2164 rei
1642 2099 1753 2168 acci-

136 2225 456 2300 diss'etlo'ru‘nnc'e
470 2223 617 2296 retulit.
653 2223 834 2295 Jorunna
849 2209 950 2313 verb,
966 2208 1122 2320 ’ᾳναηὶα
1139 2221 1321 2323 liisfides,
1345 2246 1489 2317 negare
1503 2249 1543 2296 se
1557 2227 1666 2316 scire,
1683 2255 1751 2302 nec
1803 2277 1809 2312 ι,

136 2359 337 2432 hominum
375 2353 647 2426 abstrusorum
693 2353 768 2424 sibi
814 2355 982 2428 multam
1023 2379 1105 2424 esse
1142 2377 1279 2424 euram
1322 2357 1568 2448 contendere,·
1638 2374 1759 2458 atqve,
1786 2337 1804 2404 ,='

136 2493 198 2564 ita
209 2489 371 2586 finitum
390 2487 494 2558 illud
515 2487 758 2582 colloquium.
825 2487 906 2558 Nec
915 2487 1195 2580 fuitlorunna
1214 2486 1414 2596 meretrici
1420 2499 1562 2582 postea
1590 2495 1755 2568 amicior

136 2635 378 2725 qvamantea
386 2645 401 2712 ,·
417 2620 624 2691 Hosbuldo
637 2619 1025 2715 autemsreqventius
1041 2643 1126 2689 eum
1145 2619 1219 2691 illa
1230 2621 1471 2716 colloqvium.
1525 2622 1648 2695 Brevi
1657 2641 1754 2722 post

138 2783 225 2830 eum
245 2755 425 2828 loruuna
451 2752 622 2824 cubitum
645 2755 738 2842 iret,
773 2751 980 2824 Mellaria
1004 2751 1068 2822 illi
1095 2753 1324 2824 vestimenta
1346 2748 1575 2826 detraxit&
1593 2759 1751 2831 calcea-

136 2902 269 2974 menta
285 2887 446 2984 'qvidem
477 2887 519 2956 in
540 2887 814 2980 ¹pavimentum
842 2885 1018 2974 demisit,
1064 2896 1147 2955 tum
1163 2883 1344 2956 Joruuna
1374 2885 1542 2958 tibialia·
1564 2873 1750 2981 sumebat,
1795 2911 1799 2917 ·

136 3025 265 3122 eisqve
287 3020 351 3090 illi
365 3031 488 3114 caput
503 3018 732 3092 verberavit.
782 3016 988 3092 Meliorba
1006 3040 1096 3126 vero
1119 3017 1227 3088 irata
1250 3041 1392 3090 nasum
1415 3019 1604 3093 lorunuoe
1617 3047 1751 3124 pugno

129 3156 277 3252 sepivit
298 3153 396 3222 adeo
421 3163 465 3221 m
486 3152 648 3246 ,anguis
667 3149 897 3245 proflueret.
974 3146 1201 3220 Adveniens
1225 3159 1306 3218 tum
1325 3150 1556 3222 Hbsbuldus
1581 3155 1751 3230 interce-

137 3287 266 3360 debat.
318 3287 462 3357 Postea
477 3265 707 3352 Ho'sbuldus
725 3279 970 3349 Meliorkam
996 3279 1199 3372 ablegavit
1221 3291 1337 3373 atqve
1364 3281 1471 3351 dedit
1496 3284 1559 3352 illi
1585 3265 1758 3360 habita-²

137 3423 269 3494 culum
292 3418 338 3485 in
372 3411 624 3483 interioribus
644 3409 884 3480 Lasardali.
948 3408 1054 3478 Loco
1078 3407 1215 3480 deinde
1236 3407 1574 3500 Meliorbustadir
1601 3441 1750 3514 nomeu,

137 3558 313 3629 desertus
324 3548 412 3641 jam
437 3544 472 3613 is
510 3544 617 3614 locus
649 3551 707 3612 est
729 3536 768 3611 bt
792 3537 1085 3610 ameridionali
1108 3551 1231 3634 parte
1248 3540 1377 3610 amnis
1392 3541 1511 3615 Laxd
1523 3547 1633 3620 situs.
1688 3555 1750 3626 Ibi

137 3681 345 3762 Melborka
361 3675 632 3749 habitaculum
642 3671 874 3761 construxit,
898 3671 1105 3744 Hbsbuldo
1128 3673 1260 3744 omnia
1276 3672 1479 3766 tribuente,
1504 3702 1589 3774 qvoe
1603 3685 1660 3754 ad
1675 3687 1750 3758 do.

138 3818 339 3892 mesticam
361 3829 441 3882 rem
470 3808 691 3880 necessaria
715 3817 851 3876 essent.
924 3802 1055 3876 Filius
1084 3805 1244 3876 illorum
1274 3806 1423 3878 Olovus
1449 3809 1563 3882 illam
1597 3831 1749 3892 secutus

140 3966 210 4027 est.
261 3948 352 4019 Hoc
374 3943 418 4013 in
442 3942 567 4011 Olava
579 3942 670 4035 jam
698 3937 941 4008 adolescente
967 3937 1046 4007 cito
1068 3937 1321 4029 manifestum
1337 3943 1633 4032 sesereddidit,
1665 3975 1753 4023 eum

138 4087 236 4160 aliis
261 4071 481 4151 bominibus
507 4067 829 4166 praestantiorem
857 4063 969 4142 &ob
998 4081 1239 4146 venustatem
1270 4065 1308 4146 &
1337 4071 1382 4146 ob
1409 4097 1560 4150 morum
1589 4079 1751 4179 elegen·-

139 4220 251 4312 tiom‚
267 4209 368 4309 sore.
395 4313 400 4324 ι

796 4344 927 4498 ose.
964 4403 1093 4500 xlv.

337 4572 554 4706 lagjaldus
581 4615 671 4676 erat
698 4627 855 4679 nomen.
864 4606 970 4696 viro,
1020 4597 1088 4676 ille
1117 4597 1308 4700 Saudeyis
1337 4603 1505 4694 (Insulis
1530 4613 1674 4697 ovium)
1710 4617 1752 4688 in

139 4743 423 4840 Breidafbrdo
450 4737 566 4834 (Sino
601 4737 704 4831 lato)
727 4737 936 4810 habitavit.
1010 4714 1309 4833 Saudeyargodi
1335 4741 1538 4832 (Pontifex
1569 4743 1750 4844 Saudey-

139 4879 258 4981 ensis)
286 4879 350 4951 illi
368 4873 460 4971 suit
489 4879 814 4970 cognomentum,
841 4869 903 4947 vir
920 4864 1055 4947 dives
1077 4862 1192 4968 atqve
1226 4861 1291 4944 inu
1294 4863 1392 4944 ltum
1409 4871 1589 4967 pollens
1575 4925 1586 4966 ,
1612 4871 1751 4972 frater
