4274 5728
845 563 1057 694 ...HL

143 822 206 894 die
229 845 301 894 res
322 833 511 893 concentu
536 818 709 890 indicato
731 817 910 892 islandos
937 843 1069 890 omnes
1084 817 1256 892 homiues
1278 815 1470 912 eooccm't,
1485 809 1758 928 concentuque

140 932 376 1042 constituto,
406 978 475 1026 rex
497 977 707 1049 assurgens
722 953 881 1050 gratias
899 954 978 1046 egit
1000 951 1218 1024 bominibus
1236 952 1290 1024 ibi
1312 960 1580 1050 congregatis,
1605 965 1667 1059 qoi
1681 964 1756 1038 sibi

138 1089 258 1162 cretici
277 1113 358 1158 esse
372 1091 530 1175 vellent,
552 1089 853 1186 religionemque
866 1087 1100 1182 acciperent.
1145 1090 1240 1162 Tam
1259 1090 1445 1162 lelandos
1466 1095 1522 1162 acl
1535 1119 1575 1164 so
1594 1112 1756 1170 vocatos

138 1223 299 1328 rogasit
316 1245 404 1292 rex:
430 1246 486 1293 on
500 1221 703 1318 baptizari
715 1223 873 1294 uellent.
920 1221 1010 1292 Hoc
1028 1221 1092 1290 illi
1100 1241 1251 1318 parum
1268 1222 1498 1318 probavere.
1549 1230 1634 1300 Res
1651 1229 1754 1302 dixit

135 1383 201 1432 eos
225 1357 339 1428 illam
366 1356 624 1428 conditionem
646 1358 859 1443 electuros,
889 1377 971 1449 qroe
992 1352 1091 1448 ipsis
1111 1357 1241 1426 minue
1256 1358 1488 1428 conveniret.
1541 1361 1610 1432 Cui
1627 1377 1758 1436 cutem
1872 1427 1873 1439 ,

133 1505 325 1580 oestrum,
366 1489 512 1586 inquit,
550 1503 687 1570 rnemet
712 1491 753 1562 in
774 1492 888 1560 domo
915 1484 1134 1558 comburere
1160 1490 1350 1582 optimum
1375 1493 1498 1564 cisum
1525 1493 1608 1566 est?
1661 1499 1757 1568 Tum

132 1629 360 1725 Kjortonus
375 1625 600 1720 respondit:
627 1635 670 1694 tu
686 1624 837 1719 quidem
855 1623 914 1694 ito
934 1619 1197 1710 arbitrabere,
1224 1626 1325 1717 qvod
1340 1625 1391 1710 is,
1413 1628 1478 1722 qvi
1493 1627 1565 1696 boc
1583 1628 1756 1718 dixisset,

129 1783 283 1856 parum
300 1758 404 1830 illud
421 1757 595 1850 confiteri
609 1758 771 1826 audeat.
799 1757 884 1828 Hic
898 1779 989 1828 cero
1008 1754 1120 1823 illum
1131 1755 1257 1824 cirum
1272 1758 1508 1852 conspicios.
1537 1760 1623 1830 Rex
1636 1762 1756 1832 dicit:

133 1907 174 1966 te
192 1893 322 1986 utiqoe
341 1917 411 1984 ego
428 1892 647 1988 conspicio,
672 1915 740 1962 uec
756 1911 892 1986 parva
913 1888 1062 1985 qcidem
1079 1885 1323 1978 molientem
1347 1893 1478 1960 verum
1495 1903 1625 1968 tomen
1646 1893 1758 1966 baud

134 2025 210 2098 tibi
229 2023 400 2116 obtinget
420 2037 555 2092 memet
575 2022 809 2092 obtruncare
817 2019 854 2113 *)
870 2017 908 2090 8<
927 2033 992 2092 sot
1009 2041 1194 2112 magnum
1208 2019 1359 2128 qcidem
1375 2023 1417 2092 in
1437 2035 1473 2093 te
1491 2025 1635 2096 crimen
1650 2050 1755 2098 com-
1818 2051 1821 2056 ·

131 2157 311 2244 misisti,
345 2168 391 2225 ut
410 2155 483 2226 lroc
503 2153 715 2252 effecerim,
753 2179 802 2228 ne
817 2154 959 2248 plures
984 2174 1091 2248 reges
1115 2150 1157 2221 in
1178 2152 1290 2222 domo
1313 2151 1532 2226 comburere
1549 2157 1756 2249 mirarere,

129 2301 304 2387 propter
328 2289 389 2374 id,
427 2289 528 2382 qvod
550 2300 594 2358 tu
617 2287 782 2358 meliora
801 2283 1004 2356 docereris.
1059 2282 1255 2372 Ceterum,
1278 2307 1392 2378 quum
1409 2287 1604 2380 nesciam,
1621 2305 1754 2366 utrum

132 2423 232 2510 tibi,
267 2421 400 2516 qvclio
423 2420 561 2510 cerba,
594 2420 689 2494 tolie
705 2420 862 2490 animus
881 2417 956 2506 sit,
985 2441 1167 2512 quantove
1189 2427 1232 2486 tu
1253 2417 1313 2486 uti
1328 2415 1531 2490 honestum
1548 2423 1676 2495 decuit
1691 2427 1756 2498 ei-

130 2577 246 2643 tum,
285 2553 364 2622 ista
382 2553 436 2622 sis
455 2551 673 2641 confessus,
713 2551 825 2623 ltaud
845 2573 941 2621 sane
959 2549 1064 2622 bane
1088 2548 1134 2618 ab
1160 2573 1239 2619 rem
1262 2561 1305 2618 tu
1323 2573 1343 2618 e
1362 2551 1489 2622 medio
1505 2555 1652 2629 tollere.
1702 2561 1756 2630 Et

116 2685 222 2785 fieri
237 2685 386 2781 quidem
399 2695 550 2779 potestj
568 2695 614 2752 ut
635 2695 749 2756 tanto
767 2682 1012 2754 constantius
1029 2683 1256 2778 religionem
1281 2697 1488 2775 conserues,
1517 2700 1662 2782 quanto
1686 2690 1756 2760 ob-

128 2819 326 2894 etinotius
347 2815 385 2888 bc
408 2815 619 2913 majorevi
643 2839 755 2912 qoam
778 2817 854 2887 alii
877 2815 998 2888 eidem
1025 2817 1296 2910 tergiversare.
1346 2815 1437 2886 Hoc
1453 2811 1493 2888 bc
1509 2843 1579 2912 ogo
1604 2816 1785 2915 aridem*

128 2953 343 3044 intelligo,
364 2953 462 3043 qvod
475 2949 658 3040 plurium
684 2950 835 3041 qoidem
857 2949 1016 3017 navium
1038 2945 1214 3016 cobortes
1237 2971 1283 3014 ea
1307 2947 1370 3016 die
1384 2950 1619 3042 ‚religionem
1644 2956 1756 3023 acci-

119 3089 271 3184 pient,
297 3104 373 3173 qvo
394 3091 436 3147 tu
455 3077 566 3146 lzaud
584 3069 731 3150 inuitus
748 3077 978 3170 baptizatus
987 3075 1143 3168 fueris,
1160 3069 1359 3170 praterea
1383 3081 1509 3152 etboc
1531 3084 1678 3178 quidem
1692 3085 1757 3156 ei-

125 3223 253 3290 detur
270 3210 494 3297 verisimile,
518 3213 619 3304 qood
631 3209 845 3304 propinqui
867 3207 988 3278 vestri
1011 3221 1126 3300 atqve
1143 3208 1262 3276 amici
1279 3209 1383 3278 illud
1397 3214 1533 3302 magni
1549 3215 1755 3306 (estiment,

125 3349 240 3448 qvod
252 3369 319 3418 oce
337 3343 378 3412 ire
387 3341 612 3452 lelandiom
629 3345 786 3414 reduces
803 3339 886 3410 illie
899 3337 1168 3433 praedicaturi
1181 3339 1284 3420 sitis.
1308 3339 1397 3409 Hoc
1413 3339 1520 3430 milti,
1536 3345 1755 3435 Kjartane!

125 3482 269 3576 utique
286 3465 446 3547 animus
453 3477 675 3569 praesagit,
704 3474 901 3544 meliorem
920 3483 1028 3541 tuum
1045 3470 1271 3566 religionem
1276 3471 1390 3563 scre,
1428 3477 1583 3568 qnando
1601 3479 1755 3554 Noroe-

120 3617 244 3712 giam
267 3609 475 3704 relinques,
508 3631 621 3702 qoam
649 3608 723 3678 illa
737 3605 848 3697 suit,
879 3601 946 3674 ubi
968 3615 1012 3708 tu
1036 3601 1239 3672 advenisti.
1294 3604 1385 3673 lom
1402 3627 1449 3674 en
1463 3603 1537 3674 boc
1554 3625 1755 3704 conventu,

125 3770 225 3820 cum
242 3727 378 3814 securo
393 3765 518 3836 poce,
540 3763 612 3836 qvo
627 3737 734 3810 vobis
750 3736 848 3832 ipsis
859 3735 1222 3833 placitumsuerit,
1252 3736 1490 3824 discedatis,
1512 3763 1580 3810 nec
1594 3765 1662 3814 eos
1678 3743 1772 3830 liae¹

122 3865 219 3956 cicc
232 3873 504 3960 cruciabimini
521 3873 577 3942 ud
592 3869 926 3942 christianismum
943 3867 1226 3962 accipiendum,
1253 3869 1336 3962 ipse
1350 3870 1569 3946 enichus
1584 3873 1758 3971 affirmat
1831 3915 1834 3920 ·

121 4039 170 4084 se
193 4005 383 4078 neminem
402 4004 500 4076 colle
516 4004 572 4070 ad
596 4027 636 4072 ee
658 4001 821 4072 invitum
843 3999 1060 4094 pervenire.
1113 4000 1293 4070 Multum
1304 4003 1408 4094 regis
1425 4005 1555 4074 oratio
1574 4029 1756 4102 compro-

123 4146 256 4224 bata,
291 4134 475 4230 inprimis
496 4146 626 4202 tamen
642 4143 668 4198 a
687 4130 926 4202 christianis.
975 4130 1136 4223 Pugaui
1154 4142 1286 4204 autem
1299 4133 1540 4226 Kjartanum
1560 4137 1758 4232 rogabant

123 4286 178 4348 ut
209 4269 277 4340 ille
298 4267 567 4362 responderet,
597 4263 657 4334 uti
682 4263 764 4358 ipsi·
775 4261 972 4356 placitum
986 4261 1133 4353 suerit.
1167 4263 1282 4334 'Tum
1299 4265 1534 4360 Kjartanus.
1588 4270 1757 4343 Gratiae

119 4403 232 4480 'Tibi
248 4399 454 4488 babemus,
478 4373 568 4470 rer!
594 4397 695 4492 qood
711 4393 821 4465 nobis
836 4393 978 4464 dedisti
994 4394 1166 4484 ueniam,
1192 4409 1230 4466 et
1250 4397 1400 4492 quidem
1417 4397 1494 4470 tac
1512 4399 1579 4474 oio
1594 4425 1666 4474 noe
1677 4427 1758 4498 pc-

124 4535 336 4612 tissimum
348 4534 403 4606 ad
417 4529 641 4626 religionem
651 4529 843 4624 perduces
850 4551 864 4620 ,-
901 4524 935 4598 si
945 4525 1127 4621 gremium
1148 4528 1353 4601 criminum
1373 4532 1527 4604 venium
1549 4535 1623 4602 clas
1645 4529 1684 4606 8<
1701 4533 1758 4602 cd

125 4666 276 4746 omnic
297 4667 501 4736 clementer
522 4660 758 4759 persuadere
779 4659 931 4752 studes,
970 4659 1079 4757 idone
1100 4659 1177 4767 bac
1204 4663 1354 4760 quidem
1373 4666 1461 4756 elie,
1497 4663 1651 4760 quanda
1672 4685 1757 4733 em-

124 4835 417 4862 ...ι-ι-ι-ι-ι-

182 4951 225 5021 *)'
242 4965 269 5004 o:
294 4952 466 5028 Numquam
479 4957 574 5028 caput
590 4962 691 5008 meum
704 4947 834 5018 (ceruici
847 4949 1015 5020 resectum)
1030 4947 1076 5006 od
1085 4945 1183 5025 pedes
1202 4959 1270 5006 tuos
1285 4945 1389 5006 villere
1406 4944 1465 5003 tibi
1483 4945 1613 5008 «reciet.
