4282 5714
834 535 1044 654 *ss*

133 788 276 871 aperta
297 777 506 874 splendida
532 777 759 850 vestimenta
784 777 991 849 muliebria
1011 779 1265 874 depromebat
1285 781 1419 880 illiq'oe
1436 788 1604 858 tradidit
1610 814 1624 880 ,·
1657 803 1742 861 om-

133 909 240 979 nium
256 933 347 982 vera
367 936 554 982 consensa
586 912 649 983 illi
673 911 903 984 vestimenta
930 913 1100 984 nitentia
1123 915 1308 1007 apprime
1335 915 1555 990 conuenere.¹
1617 920 1770 993 Cata·

130 1059 217 1114 rum
231 1045 387 1138 qvando
399 1043 603 1138 principes
626 1069 693 1116 eas
717 1067 779 1114 res
789 1043 1046 1138 peregissent,
1067 1069 1157 1141 ¹1⁹oe
1177 1058 1257 1116 tum
1282 1071 1329 1116 ex
1346 1049 1428 1142 lege
1439 1056 1741 1143 pertractanda

119 1175 262 1268 suere,
274 1174 439 1268 finitum
457 1189 516 1246 est
534 1177 765 1266 convivium,
790 1175 1045 1270 dimissusque
1063 1189 1284 1249 concentus.
1343 1180 1438 1250 Tum
1455 1207 1545 1254 vero
1559 1182 1739 1254 Hoskul-

130 1307 204 1376 dus
233 1331 359 1400 regem
380 1307 594 1380 Haleanum
622 1310 745 1398 adiit,
788 1304 826 1378 8<
852 1330 926 1400 qva
942 1329 1029 1403 par
1042 1309 1133 1400 suit
1160 1311 1408 1414 veneratione
1431 1338 1515 1383 eum
1533 1317 1739 1387 salutavit.

118 1439 215 1542 ⁴Rea
230 1441 321 1546 ‘eum
341 1441 491 1536 quidem
507 1441 664 1534 aspexit
679 1441 736 1509 sic
749 1440 925 1510 locutus:
960 1437 1249 1530 Salutationem
1262 1453 1384 1532 tuam,
1404 1443 1617 1534 Hoslulde,
1645 1471 1740 1516 sane

130 1571 423 1664 accepissemus,
451 1572 524 1640 etsi
550 1573 757 1668 aliqvantc
776 1570 993 1668 priusnos
1022 1574 1282 1666 convenisses,
1309 1596 1439 1648 verum
1467 1587 1596 1650 tamen
1620 1579 1740 1668 etiam

128 1725 232 1770 nunc
249 1703 491 1807 accipieturs
941 1691 948 1700 ’
972 1683 987 1700 '¹
1227 1691 1230 1700 ¹

785 1896 915 2002 CIP.
951 1913 1080 2000 XIII.

243 2104 247 2116 '
275 2089 277 2094 ¹
311 2068 484 2173 Postea
502 2126 569 2172 rea
581 2103 828 2175 Hiiskuldum
847 2105 961 2172 valde
972 2103 1130 2172 comiter
1147 2103 1342 2198 excipiens
1352 2127 1464 2176 suam
1477 2103 1610 2176 navim
1629 2101 1742 2176 illum

126 2235 380 2324 coascendere
382 2231 544 2324 jubebat
551 2259 566 2325 >⁸
581 2235 818 2330 atqveapud
826 2255 1042 2320 semaaere,
1064 2234 1204 2303 damin
1216 2235 1421 2329 Norvagia
1432 2239 1567 2330 degere
1582 2237 1741 2325 luberet,

127 2363 295 2460 rogauit.
348 2365 579 2466 Hoskuldus
593 2364 815 2460 respondit:
853 2367 935 2435 Pro
963 2364 1196 2467 invitatione
1225 2367 1294 2434 tua
1321 2365 1445 2436 liabeo
1465 2366 1647 2458 gratias,
1674 2391 1742 2439 ue—

127 2519 216 2566 rum
228 2497 305 2567 hac
325 2511 465 2568 aestate
480 2499 607 2568 multa
625 2498 723 2568 milti
739 2497 895 2592 negotia
916 2495 1159 2594 incumbunt,
1195 2489 1233 2566 8(
1257 2497 1331 2568 leae
1346 2498 1498 2594 quidem
1513 2498 1679 2568 maxime
1699 2501 1741 2568 ia

127 2655 250 2700 causa
261 2631 372 2722 suit,
413 2653 484 2700 cur
508 2641 545 2699 te
569 2631 772 2702 convenire
788 2651 865 2724 per
890 2640 972 2696 tam
996 2629 1155 2722 longum
1185 2641 1335 2723 tempus
1359 2628 1599 2718 distulerim,
1642 2630 1744 2724 qaod
1800 2645 1806 2684 ἰ

127 2763 226 2832 milii
237 2763 718 2858 propositumeratligaa
735 2759 979 2831 exstruendis
1005 2759 1157 2832 cedibus
1183 2771 1545 2855 apta-,comparare
1599 2749 1684 2834 Rea
1701 2763 1742 2832 in

116 2895 290 2968 sticum
311 2895 423 2966 illum
440 2895 576 2964 navim
593 2894 730 2964 ducere
733 2891 910 2989 jubebat.
962 2892 1029 2967 Ita
1058 2891 1286 2964 Hosluldus
1305 2916 1382 2986 per
1407 2893 1570 2988 aliquod
1593 2905 1743 2986 tempus
1813 2897 1816 2906 '

126 3029 241 3122 apud
255 3051 381 3121 regem
393 3027 637 3120 permansit5
672 3048 741 3096 rea
765 3025 828 3094 illi
853 3025 963 3117 ligna
989 3025 1045 3094 ad
1069 3021 1341 3116 adificandum
1367 3025 1557 3113 tradidit,
1584 3026 1742 3100 navim-

127 3160 456 3262 qole'aaerandam
479 3158 646 3232 curavit.
712 3157 808 3227 Τιιιιι
837 3178 907 3225 rex
938 3155 1186 3254 Haskuldum
1209 3154 1267 3224 ita
1284 3155 1481 3258 allocutus
1496 3169 1575 3226 est:
1612 3181 1689 3228 noa
1708 3169 1745 3226 te

126 3293 326 3386 lcicapud
334 3315 406 3361 nos
428 3289 680 3360 detinebimus
699 3287 855 3378 longius
876 3309 990 3378 qaam
1010 3284 1184 3376 tibiipsi
1178 3285 1421 3378 placuerit,
1454 3309 1587 3359 vetum
1613 3300 1743 3358 tamen

127 3424 337 3519 difficulter
351 3420 554 3534 hominem,
570 3419 634 3514 qvi
650 3418 690 3486 in
708 3429 816 3486 tuum
834 3415 1016 3484 succedat
1029 3415 1167 3500 Ιοοιιιιι,
1184 3437 1315 3484 remur
1331 3415 1529 3486 inuentum
1546 3415 1609 3485 iri
1648 3417 1683 3488 Τ
1679 3441 1743 3486 um

119 3539 197 3628 tex
218 3527 467 3627 Heiskuldum
493 3551 548 3620 ad
568 3550 702 3622 navim
725 3549 966 3676 conductum,
986 3544 1050 3614 ita
1076 3541 1228 3640 affatus
1257 3558 1336 3652 est:
1369 3546 1589 3616 Honestum
1607 3560 1643 3618 te
1662 3573 1743 3619 esse

129 3687 357 3806 virumjam
382 3675 483 3755 satis
507 3673 698 3776 comperi5
725 3679 801 3772 lcac
819 3663 909 3751 aero
937 3651 1078 3745 ultima
1102 3675 1204 3764 vice,
1239 3700 1299 3745 me
1323 3662 1459 3747 soltim
1475 3693 1680 3772 regnante,
1709 3695 1746 3752 te

129 3793 391 3913 eaNorvagia
403 3798 676 3912 profecturum
695 3811 867 3883 autumo.
923 3793 1022 3881 Tum
1036 3831 1105 3912 rex
1121 3833 1283 3882 aureum
1298 3787 1499 3898 annulum,
1518 3812 1582 3906 qvi
1599 3811 1745 3886 marca

126 3928 286 4052 potiolus
308 3947 487 4045 efficeret,
530 3973 557 4018 ιι
586 3969 706 4017 manu
732 3943 911 4015 detraxit
932 3905 1209 4037 Hiskuldoqoe
1237 3931 1416 4051 donavit,
1470 3943 1658 4040 simulque
1682 3929 1746 4018 illi

71 4076 73 4082 ’
131 4088 241 4159 dedit
251 4083 433 4178 gladium
462 4080 561 4149 adeo
581 4077 811 4172 pretiosum,
836 4085 881 4143 ut
903 4071 1227 4144 dimidiomarca
1242 4097 1374 4144 aareae
1398 4057 1604 4146 constaret.
1657 4079 1747 4153 Ἡδ-

127 4217 295 4288 vsisuldus
323 4210 406 4305 regi
426 4221 511 4305 pra'
526 4208 641 4278 donis
669 4207 844 4302 omniane
867 4227 962 4299 erga
985 4229 1025 4276 se
1052 4205 1221 4277 exhibito
1243 4205 1390 4276 honore
1409 4207 1568 4301 gratias
1588 4212 1748 4306 persol-

133 4349 258 4426 vebat,
282 4371 287 4394 ·
319 4344 474 4417 Deinde
488 4339 717 4412 H'oskuldus
739 4337 874 4411 navim
894 4339 1138 4426 conscendit,
1167 4337 1227 4410 -in
1254 4339 1394 4422 altum¹
1408 4351 1761 4445 vectussveatoqoe'

135 4505 228 4554 usus
256 4477 434 4563 secundo,
468 4475 524 4544 ad
545 4473 842 4546 meridionalem
862 4481 978 4540 terra
999 4467 1224 4564 (Islandioe)
1251 4493 1361 4541 oram
1381 4471 1560 4566 prienam
1575 4475 1748 4561 advenit,

136 4611 273 4686 deinde
292 4607 524 4718 occidentem
541 4591 959 4706 uersuspromontorii
981 4601 1202 4698 Reykonesi
1226 4615 1341 4700 atqve
1363 4602 1638 4696 Snoesellsaesi
1658 4630 1750 4678 oras

137 4749 267 4841 legens
297 4739 622 4834 Breidaffirdum
650 4737 802 4818 (Sinum
836 4738 902 4834 qvi
926 4737 1072 4814 Latus..
1088 4733 1249 4824 dicitur)
1277 4737 1477 4808 intrauit·
1522 4734 1751 4808 Hoskuldus

138 4881 178 4949 ia
203 4875 302 4948 ostio
319 4872 502 4968 fluminis
525 4873 642 4946 Loxa
668 4871 877 4942 interram
914 4891 1089 4964 egressus
1121 4868 1257 4942 navim
1277 4865 1483 4940 exonerari
1504 4877 1620 4962 atqve
1642 4869 1750 4944 intra

1519 4999 1551 5070 E
