4262 5722
905 491 964 575 73

826 591 1038 611 ...ιιι-*-

128 741 234 811 deret
253 742 443 812 acutulum
459 764 640 834 magnum
660 763 820 811 aureum
839 740 903 810 illi
929 739 1098 808 tradidit
1125 750 1239 834 atqve
1257 727 1379 809 dixit:
1409 739 1624 836 pretiosum
1642 737 1744 806 kirrie

127 877 318 946 annultnn
334 874 437 944 stitit
460 875 625 950 donavit
645 888 783 968 pater,
809 896 894 944 cum
909 872 1035 967 primi
1050 873 1148 944 mihi
1166 875 1297 942 dentes
1316 885 1570 943 nascerentur
1588 866 1625 938 8(
1647 895 1742 940 sane

126 1019 284 1102 expecto
311 1007 423 1103 illum
444 1011 547 1078 Ituna
580 1009 771 1078 annulum
802 1006 1056 1100 agniturum,
1102 1006 1256 1100 qvando
1287 1006 1446 1075 eundem
1475 1003 1738 1098 conspexerit5
1790 1021 1797 1034 '

121 1151 408 1232 proetereac
346 1139 410 1207 illi
441 1141 549 1212 dedit
576 1141 745 1210 coeluum
774 1164 857 1210 cum
894 1137 941 1206 io
947 1140 1022 1207 lteo
1056 1138 1474 1226 nutricitradendum3
1518 1137 1601 1206 hoec
1626 1135 1738 1228 signa

125 1271 240 1338 illam
264 1271 373 1339 haud
395 1249 697 1391 repudiaturum
710 1273 806 1399 sore
816 1295 958 1388 spero,
994 1283 1108 1364 atqve
1127 1271 1242 1340 naec
1228 1294 1388 1380 insuper
1408 1272 1515 1340 dicta
1533 1267 1618 1338 Mu
1618 1268 1736 1336 iorlca

124 1379 299 1471 addidit:
326 1377 390 1472 'ad
414 1403 488 1472 iter
515 1417 551 1472 te
565 1405 655 1498 jum
676 1377 825 1496 paravi
846 1428 959 1498 qvam
971 1417 1044 1497 pot
1047 1406 1088 1473 ui
1108 1405 1270 1498 optime,
1296 1415 1411 1498 atqve
1425 1371 1687 1472 Hibernicam
1704 1409 1739 1467 te

126 1535 300 1628 linguam
328 1535 459 1620 docui,
494 1537 591 1605 adeo
619 1547 662 1604 ut
688 1535 758 1604 tibi
775 1535 942 1630 perinde
965 1560 1045 1604 esse
1069 1537 1298 1620 existimem,
1333 1557 1440 1630 qvem
1456 1557 1496 1602 zu
1512 1535 1637 1603 locum
1653 1509 1744 1601 111·ss

123 1661 269 1736 bernice
284 1660 472 1756 deserere.
525 1669 604 1738 His
627 1669 742 1738 dictis
770 1665 1038 1738 discesserunt.
1077 1712 1082 1722 ·
1109 1669 1252 1738 Statim
1272 1691 1319 1736 ac
1347 1668 1496 1737 Olavus
1521 1667 1576 1734 ad
1604 1663 1747 1734 navim·

121 1800 314 1894 pervenit,
347 1803 537 1874 secundus
558 1813 694 1873 ventus
711 1813 869 1874 'exortus
889 1814 962 1891 est,
974 1803 1136 1898 jamque
1155 1803 1195 1874 in
1211 1803 1337 1872 altum
1356 1813 1415 1871 est
1431 1799 1673 1894 navigatum.

667 2125 712 2146 „
778 2007 907 2093 ese.
946 1969 1078 2091 xxi.

321 2165 559 2266 Hdskuldus
583 2202 786 2288 ecomitiis
813 2201 966 2268 rediens
995 2201 1078 2269 izcec
1097 2223 1197 2296 nova
1216 2199 1405 2293 comperit
1425 2220 1542 2290 eaque
1566 2191 1736 2286 pertulit

123 2329 236 2400 haud
258 2353 365 2424 aequo
391 2330 540 2420 arrim03
569 2333 637 2400 sed
654 2344 782 2402 tamen
801 2357 884 2401 cum
903 2357 962 2400 res
978 2333 1034 2401 ad
1045 2331 1389 2426 propinquossuos
1400 2329 1626 2424 pertineret,
1643 2323 1737 2391 ani-

50 2448 51 2452 *
121 2487 187 2532 ma
208 2473 309 2551 sonej
327 2431 486 2531 sedatus
502 2463 668 2557 quietum
685 2489 762 2536 sese
777 2465 979 2534 continuit.
1035 2467 1183 2536 Olacus
1205 2477 1319 2559 atqve
1338 2462 1433 2530 socii
1452 2471 1606 2532 uentum
1630 2453 1738 2525 nacti

121 2597 333 2668 secundum
359 2598 415 2664 ad
436 2571 675 2690 Norvegiam
698 2599 952 2690 appulerunt.
1011 2595 1140 2668 Ornus
1163 2597 1329 2668 Oluaum
1342 2593 1523 2666 Haraldi
1543 2589 1647 2684 regis
1660 2589 1739 2657 aui-

122 2729 207 2800 lum
227 2729 342 2802 adire
364 2707 622 2818 hortabatur,
651 2729 863 2823 affirmans
880 2755 1005 2825 regem
1030 2731 1203 2800 homines
1224 2729 1350 2801 Olato
1379 2725 1607 2798 educatione
1629 2721 1739 2793 haud

117 2860 424 2958 praestantiores
449 2865 505 2931 ad
525 2887 710 2956 magnam
735 2864 968 2957 dignitatem
983 2863 1178 2936 extollere.
1235 2864 1383 2934 Olavus
1409 2885 1448 2930 se
1463 2857 1738 2949 itafacturum

116 2994 327 3092 promisit,
343 2994 504 3090 jamque
523 2996 672 3066 Olauus
689 3007 804 3090 atque
823 2995 952 3066 Ornus
970 2998 1026 3064 ad
1045 2997 1182 3066 aulam
1199 3017 1412 3089 pervenere
1426 2991 1655 3084 benigneque
1668 3008 1738 3055 ex-

120 3125 383 3222 cipiebantur.
437 3129 522 3199 Rex
547 3126 665 3198 Olaui
687 3150 811 3221 genus
836 3139 951 3221 atque
961 3127 1207 3222 propinquos
1223 3127 1360 3207 statim
1379 3125 1607 3194 recordatus
1625 3120 1738 3188 illum

118 3261 236 3356 apud
250 3284 289 3329 se
304 3283 461 3329 manere
469 3259 644 3355 jubebat.
699 3259 931 3328 Gunnitilda
947 3259 1082 3328 statim
1094 3283 1140 3326 ac
1153 3259 1319 3328 Olavurn
1327 3257 1453 3326 Hruti
1452 3252 1606 3344 fratris
1605 3248 1739 3342 filium
1816 3295 1821 3302 -

119 3419 204 3464 esse
223 3391 367 3460 certior
381 3391 605 3482 essetsacta
614 3443 627 3481 ,
649 3415 835 3485 magnum
854 3389 1110 3460 itlihonorem
1120 3387 1268 3458 habuit.
1317 3373 1560 3476 Quibusdam
1572 3403 1661 3451 uero
1679 3379 1738 3447 ita
1813 3462 1819 3474 Ι

119 3528 268 3600 visum:
297 3509 569 3595 Gunnhildara
586 3523 637 3594 ab
648 3523 766 3597 Olavi
782 3522 972 3617 colloquio
982 3523 1146 3592 muitum
1154 3523 1357 3616 percipere
1362 3519 1566 3614 goudium,
1584 3511 1738 3583 etiamsi

119 3659 248 3730 alieni
265 3656 414 3728 arnaris
432 3681 509 3728 non
522 3657 749 3728 redderetur
759 3655 980 3752 particeps.
1033 3655 1077 3726 V
1071 3678 1180 3724 ersus
1187 3653 1306 3746 finem
1320 3651 1469 3748 hyemis
1482 3649 1630 3721 otacus
1643 3669 1738 3716 con-

121 3792 284 3861 tristari
301 3791 438 3884 coepit.
494 3789 624 3862 ornus
647 3789 806 3886 rogauit
828 3812 1006 3885 quanam
1030 3787 1094 3858 illi
1112 3799 1210 3858 esset
1225 3785 1430 3858 moestitioe
1450 3807 1582 3854 causa.
1638 3777 1740 3858 Olaf-

120 3949 198 4000 uus
221 3924 444 4018 respondit:
471 3924 597 3992 instat
612 3919 709 3992 milti
724 3921 997 4022 peregrinatio
1017 3943 1150 3991 versus
1167 3920 1426 3992 occidentalia
1445 3915 1591 4001 oceani,
1618 3923 1655 3982 et
1670 3911 1742 3982 hoc

120 4081 222 4126 sane
247 4054 382 4147 magni
406 4055 552 4146 rejerre
577 4054 767 4136 existimo,
792 4052 852 4122 uti
875 4065 917 4122 tu
933 4077 991 4122 me
1017 4051 1179 4146 adjuves
1206 4055 1263 4122 ad
1288 4053 1391 4122 illud
1416 4053 1490 4122 iter
1510 4052 1586 4122 hac
1603 4057 1744 4118 aestate

121 4183 427 4280 suscipiendum.
487 4185 616 4257 Ocnus
630 4185 787 4280 rogauit
802 4208 848 4252 ne
866 4185 968 4252 talia
989 4184 1163 4254 animum
1179 4185 1397 4274 induceret,
1429 4183 1657 4280 negauitque
1670 4173 1742 4246 sibi

122 4321 254 4391 ullam
263 4331 398 4389 notam
415 4344 496 4389 esse
513 4321 656 4408 navim,
669 4339 753 4414 qvoe
768 4305 1028 4386 occidentalia
1044 4305 1206 4387 aditura
1223 4329 1320 4388 esset
1330 4318 1472 4389 maria.
1510 4309 1742 4388 Gunniiilda

126 4453 290 4522 illorum
314 4454 504 4549 colloquio
525 4477 564 4522 se
586 4445 812 4538 immiscuit,
846 4449 994 4518 dicens:
1027 4448 1118 4518 iam
1145 4451 1264 4520 talem
1289 4450 1398 4523 vobis
1421 4475 1501 4522 esse
1533 4461 1743 4518 sermonem

126 4585 340 4678 comperio,
374 4587 502 4680 qualis
522 4609 719 4680 nunquam
736 4595 855 4653 antea
870 4581 974 4673 suit,
1003 4581 1308 4678 quandoquidem
1324 4585 1529 4655 dissentire
1546 4567 1744 4652 uidemini.
1850 4639 1854 4649 ,

130 4717 281 4788 Olaeus
308 4717 578 4788 Gnnnlzildam
604 4717 762 4786 comiter
784 4716 1110 4788 salutauit-troad
1135 4728 1266 4787 tamen
1292 4715 1511 4786 intermisso
1542 4696 1744 4796 colloquio,

83 4923 88 4928 ,
127 4861 269 4942 postea
291 4849 419 4922 Ocnus
435 4851 539 4920 exiit.
599 4849 634 4918 T
630 4873 693 4918 um
711 4873 799 4920 cero
819 4847 1201 4920 interGunnhildam
1212 4829 1772 4948 atqceOIavumcoltaqvium-

1476 4975 1514 5048 K
