4272 5728
310 3011 322 3046 Ι

1124 475 1325 645 222„

621 783 728 854 Dum
745 779 859 850 addit
874 791 992 848 autor
1008 789 1140 848 noster
1155 773 1258 843 bunc
1274 771 1394 842 ritum
1414 793 1442 840 a
1452 767 1629 864 paganis
1653 769 1764 840 baud
1788 770 1933 841 minori
1961 771 2034 842 ob·

423 916 622 988 servantia
634 915 765 1006 sitisse
778 924 985 1006 peractum
1005 935 1074 994 ae,
1096 907 1277 978 ”skirslu''
1296 924 1327 971 o:
1349 904 1605 998 gestationem
1634 903 1744 994 ferri
1771 905 1975 974 candentis
2005 929 2033 972 a

427 1047 664 1119 Christianis
682 1069 754 1114 sua
773 1057 891 1114 oetate
907 1043 1138 1130 viventibus,
1182 1039 1312 1112 innuit
1340 1035 1459 1107 ritum
1479 1060 1565 1106 cam
1586 1035 1719 1130 aliqeo
1732 1037 1907 1107 Deorum
1925 1039 2034 1106 culta

415 1179 546 1272 fuisse
563 1181 807 1270 conjunctum
821 1179 902 1249 sive
920 1177 1157 1248 sacramenti
1172 1197 1294 1270 genus
1318 1167 1545 1241 exhibuisse.
1606 1169 1732 1264 Neqve
1754 1170 1827 1240 boc
1850 1194 1876 1238 a
1895 1169 2034 1264 prima

424 1311 539 1406 bajus
554 1313 654 1382 ritus
667 1311 826 1406 origine,
845 1313 994 1406 qoalem
1003 1335 1073 1382 nos
1094 1305 1287 1404 suspicati
1308 1326 1452 1388 sumas,
1470 1302 1662 1391 alienum,
1686 1327 1779 1376 nam
1793 1325 1923 1374 amnes
1935 1303 2036 1394 sere,

425 1469 509 1540 qeoe
521 1445 876 1538 bumilitatemproe
892 1469 931 1515 se
937 1441 1135 1538 serebant,
1156 1437 1342 1527 actiones,
1357 1437 1405 1540 'in
1424 1436 1660 1533 antiqeitate
1676 1437 1843 1508 adDeos
1855 1436 2034 1532 placan-

425 1577 495 1647 dos
513 1577 631 1670 suere
650 1575 851 1647 adbibita.

622 1711 893 1781 duramentum
916 1733 992 1805 per
1020 1709 1223 1804 cespitem,
1266 1707 1365 1802 qvod
1389 1706 1482 1776 alim
1507 1705 1549 1776 in
1575 1705 1791 1776 Germania
1821 1705 2036 1776 invaluisse

427 1839 636 1936 constat*),
659 1853 819 1914 eatenus
836 1844 981 1937 quidem
1000 1869 1027 1912 a
1044 1843 1125 1912 ritu
1143 1841 1336 1910 islandico
1355 1837 1508 1934 differt,
1542 1841 1649 1935 qood'
1667 1841 1748 1909 tale
1764 1841 2035 1934 juramentum

424 1976 679 2071 praestiturus
697 1975 850 2044 nullam
867 1973 1028 2044 subierit
1041 1975 1251 2065 fornicem,
1285 1975 1353 2042 sed
1377 1974 1557 2066 cespitem
1580 1973 1695 2044 modo
1713 1995 1835 2042 manu
1852 1971 2032 2066 tetigerit.

425 2107 614 2180 Attamen
633 2109 800 2179 ostendit
818 2133 899 2178 mos
919 2108 989 2178 isto
1007 2109 1107 2177 satis
1125 2106 1301 2199 vulgaris
1330 2105 1468 2176 varias
1479 2117 1613 2200 gentes
1634 2118 1833 2201 spectasse
1853 2106 2032 2199 cespitem

428 2251 610 2334 tanquam
630 2241 878 2335 aptissimum
895 2253 932 2311 et
951 2239 1140 2310 domicilii
1159 2251 1197 2308 et
1213 2239 1469 2334 agriculturae
1486 2236 1723 2332 symbolam,·
1749 2263 1830 2333 qvae
1844 2239 2032 2310 sentiendi

427 2373 533 2442 ratio
551 2384 662 2442 tanto
679 2374 807 2467 magis
831 2373 871 2442 in
895 2373 1080 2442 Islandos
1105 2371 1233 2457 cadit,
1274 2383 1419 2464 qvanto
1446 2372 1574 2466 magis
1601 2383 1756 2442 constat
1775 2383 1814 2444 et
1841 2373 1973 2442 domos
1995 2383 2031 2441 et

366 2549 369 2556 ,
423 2527 543 2599 agros
568 2505 683 2574 istius
700 2506 841 2575 insulae
859 2503 1319 2599 tantammodogramine
1333 2503 1466 2593 juisse
1490 2516 1621 2574 tectos.

627 2637 756 2732 Tertio
790 2638 873 2706 loco
901 2637 1030 2706 lamen
1055 2637 1259 2729 cespitium
1281 2635 1543 2706 adhibebatur
1566 2637 1622 2706 ad
1642 2636 1811 2727 foedera
1839 2638 2032 2708 sodalitia

418 2769 633 2864 jungenda.
703 2766 941 2860 Erigebatur
955 2769 1120 2858 framea
1145 2779 1343 2838 staturam
1367 2768 1536 2838 bominis
1561 2769 1761 2858 excedens,
1799 2770 1849 2838 ab
1869 2783 2033 2865 utroqve
2122 2793 2123 2823 ¹

390 2995 393 3004 Ι
426 2903 550 2972 latere
566 2901 694 2970 lernen
711 2901 913 2994 cespitinm
931 2899 990 2967 ita
1011 2909 1099 2967 erat
1116 2921 1368 2992 suspensum,
1402 2901 1627 2970 atmedium
1650 2902 2033 2997 aouspideJrameae

426 3045 711 3102 sustentaretur
716 3081 728 3116 ,
753 3031 856 3126 fines
874 3057 964 3103 cero
983 3033 1090 3102 hami
1107 3031 1367 3125 affigerentur.
1430 3029 1567 3126 Cespes
1584 3035 1711 3131 itaqve
1728 3035 1801 3105 boc
1824 3037 1937 3106 moda
1954 3039 2031 3107 ad-

424 3161 590 3248 bibitus,
625 3187 702 3234 non
727 3131 901 3259 amplias
916 3165 1113 3256 fornicis,
1146 3188 1214 3234 nec
1229 3165 1338 3260 jugi,
1374 3165 1442 3234 sed
1457 3167 1616 3237 altioris
1626 3170 1853 3262 pyramidas
1870 3169 2030 3264 speciem
2121 3201 2122 3210 2

424 3295 583 3384 retalit5
621 3299 745 3367 erecto
765 3297 897 3392 capite
913 3298 1156 3370 transierunt
1169 3298 1352 3390 juraturi
1370 3299 1418 3366 cle
1434 3311 1572 3370 erentes
1590 3299 1702 3396 band
1718 3301 1903 3394 solticitt5
1941 3305 2030 3374 dum

418 3427 551 3516 fulcro
568 3429 693 3499 solido
711 3429 812 3498 satis
826 3443 983 3500 cautum
999 3443 1087 3500 erat
1096 3481 1108 3515 ,
1135 3456 1181 3501 ne
1200 3407 1330 3524 cespes
1348 3445 1555 3502 corrueret.

620 3561 805 3632 Historia
824 3563 943 3632 Gislii
959 3563 1136 3633 Sursonii
1150 3559 1205 3658 **)
1227 3563 1420 3634 rationem
1438 3563 1631 3652 describit,
1658 3591 1731 3664 qva
1752 3569 1910 3641 lelandi
1933 3594 2031 3665 qva-

424 3704 513 3762 tnor
528 3690 596 3762 sub
606 3693 727 3785 finem
749 3695 869 3764 seculi
889 3695 1025 3762 decimi
1045 3705 1222 3764 sanetum
1241 3697 1429 3765 amicitia
1445 3697 1586 3786 faedus
1610 3701 1779 3770 rollanni
1798 3705 1910 3773 moda
1930 3704 2032 3773 inire
2120 3685 2121 3692 ἵ

422 3824 555 3892 conati
579 3837 670 3894 sunt
695 3825 757 3894 bis
781 3825 924 3897 verbis:
950 3797 1104 3918 ”Gbngu
1130 3829 1181 3896 nb
1207 3828 1249 3897 bt
1273 3829 1288 3895 t
1310 3828 1661 3922 Eyrarhvols-odda
1687 3834 1734 3906 ok
1757 3836 1851 3906 rista
1863 3847 1929 3922 par
1951 3861 2030 3929 upp

420 3953 654 4046 Jarslarmen,
689 3979 753 4030 svo
779 3959 885 4029 bsidic
909 3959 1025 4030 endsr
1051 3983 1142 4030 voru
1168 3961 1182 4028 t
1206 3959 1315 4050 jbrdu
1340 3961 1463 4048 festir,
1489 3987 1536 4055 og
1562 3977 1655 4036 senu
1676 3977 1745 4052 per
1770 3969 1881 4038 undir
1904 3969 2030 4038 Metla-

421 4089 612 4196 spibt·***)'
639 4099 767 4176 pater
791 4115 901 4165 menn
927 4095 1041 4192 millu
1065 4093 1146 4164 taka
1180 4091 1294 4163 hendi
1319 4096 1415 4166 sinui
1450 4097 1492 4168 til
1516 4097 1725 4195 geyrnsgls.
1785 4101 1876 4192 peis
1897 4101 2032 4193 skyldu
2119 4119 2120 4140 ¹

417 4257 686 4278 m

468 4353 497 4435 *J
522 4355 549 4414 J.
566 4353 599 4414 C.
623 4359 664 4451 Ii.
683 4361 812 4422 Dreiers
829 4363 1050 4424 Miscelluncen
1063 4359 1193 4424 Liibcck
1220 4367 1355 4437 1784in
1376 4373 1409 4433 4Ι
1429 4367 1459 4426 S·
1481 4373 1547 4433 102
1563 4387 1627 4448 sqv.
1643 4369 1855 4450 Abhnndlung
1877 4391 1943 4432 von
1970 4373 2034 4432 deu
2118 4341 2119 4406 b

552 4457 592 4496 sn
614 4441 734 4518 muigeo
750 4445 852 4504 Orten
874 4445 980 4504 iiblich
1003 4465 1185 4520 gowcsencn
1201 4448 1411 4508 Gswohnheit
1437 4449 1498 4509 den
1513 4452 1575 4510 Eid
1601 4453 1657 4512 sui
1683 4451 1807 4531 griinen
1823 4457 1904 4514 Sodc
1927 4456 2034 4512 abzu-

550 4529 673 4612 stetten.
707 4527 824 4586 llbbme
842 4526 1075 4604 diplomatischc
1094 4530 1249 4608 Boytrbgc
1265 4551 1321 4589 zur
1331 4531 1571 4611 Untersuchung
1587 4535 1644 4595 der
1669 4535 1885 4597 Schlesisclscn
1906 4536 2035 4596 Rechtc

516 4644 526 4674 ,
552 4605 616 4664 und
637 4605 820 4670 Gcschichte
840 4613 913 4674 213.
938 4619 953 4674 l
975 4610 1032 4668 Th.
1054 4613 1082 4668 S.
1100 4622 1172 4676 141·
1307 4605 1314 4616 ⁸
1873 4633 1880 4646 ‘

442 4677 487 4760 **)
508 4683 630 4762 Agma
652 4689 848 4752 Fornmonno
866 4693 966 4768 Sbgur
980 4691 1019 4750 ad
1033 4693 1165 4770 Forlnge
1183 4693 1295 4753 Bibrns
1310 4693 1528 4756 Marcbssonar
1545 4697 1579 4758 in
1596 4703 1626 4768 8.
1686 4701 1804 4762 Hblum
1819 4701 2037 4765 MDCCLVL

450 4841 476 4922 s)
511 4779 751 5004 Dbiiii÷f¹2⁶t
769 4853 840 4994 ride
855 4877 923 4952 qva
940 4855 1141 5008 dippgtantpr
1155 4859 1201 4916 ad
1218 4859 1333 4917 calcem
1354 4861 1429 4919 vita
1442 4863 1557 4940 Viga-
1569 4863 1678 4924 Geumi
1695 4869 1731 4924 in
1744 4865 1849 4926 indies
1874 4887 1988 4924 cacum
2001 4887 2038 4944 p.

525 4963 528 4970 ·
632 4953 661 4976 -·
704 4957 706 4966 ·
728 4975 735 4990 .
823 4959 926 4998 artace
1049 4959 1084 4995 m
1122 4979 1129 4995 .

412 4839 447 4872 *w
