4256 5730
857 479 1072 594 Q

155 722 336 796 tradidit.
389 723 547 822 Bolliue
564 747 590 794 a
610 721 704 832 naui
718 723 881 828 cule
890 721 1093 795 comitibus
1111 747 1204 820 equo
1213 723 1361 796 'uectum
1417 727 1688 798 OmneeBollii
1703 753 1772 798 co·

152 856 266 928 rnitee
287 855 473 927 coccineie
496 857 735 929 uestimentis
751 869 866 930 erant
890 856 1040 953 incluti,
1073 857 1350 954 eplzippiieque
1376 860 1534 931 curatio
1549 859 1770 932 utebantur.

156 992 294 1072 Omnee
317 989 467 1086 quidem
471 989 646 1082 scrmoei
666 1003 782 1062 erant
794 989 889 1080 uiri,
913 988 1071 1060 Bolliuc
1091 1003 1220 1062 tomen
1244 991 1335 1062 illos
1354 992 1594 1064 antecelluit.
1658 994 1770 1088 Bys-

125 1119 129 1128 '
148 1123 249 1193 eiuie
266 1123 334 1194 ille
351 1133 440 1205 erat
456 1121 617 1192 indutus
635 1121 823 1213 uectibus,
850 1146 931 1219 quae
953 1121 1018 1192 illi
1033 1121 1196 1193 dederat
1211 1147 1280 1196 rex
1300 1126 1768 1220 constantinopolitanus.

143 1251 330 1326 Amiculo
359 1253 477 1326 rubro
508 1255 682 1326 coccineo
712 1255 994 1350 superindutus
1026 1264 1114 1325 erat
1145 1270 1261 1352 atque
1303 1261 1451 1328 cinctus
1487 1225 1768 1330 Pedimoroore.

143 1385 401 1459 Manubrium
427 1401 517 1460 erat
538 1398 747 1477 curatum,
786 1387 983 1482 mediaque
1004 1411 1108 1482 pare
1129 1389 1267 1485 capuli
1290 1413 1391 1462 auro
1414 1390 1605 1462 inuoluta.
1679 1393 1768 1462 Ga-

142 1517 246 1592 leam
264 1509 453 1598 auratam
470 1521 603 1617 capite
615 1519 822 1615 gestabat,
848 1520 1076 1618 rubrumque
1093 1525 1149 1592 ael
1162 1523 1270 1594 latuc
1286 1525 1488 1618 clypeum,
1518 1547 1642 1594 aurea
1659 1524 1766 1619 equi.-

143 1652 196 1724 tie
212 1653 384 1749 imagine
397 1623 639 1730 distinctum.
695 1653 927 1726 Gladiolum
941 1677 1062 1724 manu
1075 1655 1259 1748 geetobat
1266 1705 1279 1745 ,
1316 1655 1359 1726 id
1372 1658 1474 1728 enim
1490 1658 1766 1760 opudeuteroe

142 1784 183 1858 in
207 1809 292 1858 ueu.
367 1787 594 1885 Quocunque
617 1787 660 1860 in
681 1787 767 1856 loco
791 1784 990 1882 hospitati
1018 1799 1128 1874 eunt,
1163 1789 1345 1862 mulieres
1375 1789 1560 1860 continuo
1588 1789 1765 1864 Bellium

140 1918 325 2016 illincque
339 1943 389 1990 ac
402 1921 596 1990 sociorum
606 1941 797 2014 pompam
818 1915 977 2014 intuitae
999 1931 1103 1990 eunt.
1168 1921 1537 2012 Hoccircumdctue
1555 1923 1761 2015 splendore
1870 2015 1874 2022 ι

138 2052 298 2124 Bolliuo
315 2051 574 2123 occidentales
586 2074 717 2146 paguo
732 2051 971 2146 peragravit
987 2075 1102 2146 usque
1120 2053 1212 2122 dum
1240 2052 1515 2145 Helgafellum
1535 2052 1760 2146 perueniret

137 2209 225 2258 cum
240 2177 310 2257 ¹ouo
332 2181 532 2256 comitatu.
584 2183 779 2256 Gudruna
796 2181 935 2271 Bollii,
956 2181 1035 2276 filii
1052 2151 1134 2272 eui,
1159 2185 1329 2256 aduentu
1344 2183 1509 2253 mullum
1521 2183 1735 2254 laetabatur
1742 2209 1757 2272 ,·

136 2317 250 2389 naut
266 2315 561 2390 tamenBolliue
575 2317 644 2390 diu
661 2315 715 2386 ibi
728 2327 908 2386 moratae
920 2325 990 2405 eet,
1007 2329 1217 2412 antequam
1226 2317 1650 2412 Salingedaletungam
1666 2339 1756 2412 equo

136 2439 341 2522 ueheretur
346 2500 360 2534 ,
391 2471 638 2544 socerumque
658 2447 895 2520 Snorronem
922 2450 1145 2520 conueniret
1180 2462 1293 2544 atque
1322 2471 1481 2518 uxorem
1510 2449 1754 2522 Tlrordieam.
1863 2485 1871 2496 ¹

22 2617 23 2622 κ
134 2577 199 2650 Ibi
217 2603 307 2654 uero
324 2603 507 2658 occureue
527 2585 655 2654 latue.
716 2581 865 2654 Snorro
888 2581 1066 2652 Bollium
1089 2605 1175 2654 cum
1200 2593 1261 2656 tol.
1284 2579 1524 2666 nominituo,
1562 2595 1650 2678 quot
1674 2581 1754 2678 ipei

131 2712 331 2806 placeret,
363 2715 420 2784 ad
444 2738 486 2786 ee
508 2713 704 2788 inuitauit.
762 2711 922 2786 Bolliuo
943 2711 1098 2812 accepit
1113 2711 1386 2785 invitationem
1403 2708 1668 2806 becuminis,
1694 2713 1755 2812 qui

136 2845 249 2918 illum
275 2869 301 2914 a
322 2845 473 2916 boreali
495 2859 615 2940 parte
640 2843 821 2915 colnitati
838 2845 1024 2933 fucrant,
1057 2847 1170 2940 opud
1190 2846 1420 2918 Snorrorem
1442 2846 1557 2917 illam
1581 2829 1755 2942 hyemem

135 2975 348 3069 transegit.
393 2975 482 3046 Hoc
497 2997 587 3044 uero
603 2975 762 3044 Bolliua
777 2973 916 3042 itinere
936 2975 1053 3044 ualde
1068 2975 1242 3066 inclytus
1256 2977 1447 3045 redditus.
1492 2959 1588 3046 ¹Nec
1606 2979 1752 3051 Sncrro

103 3189 109 3216 ι
128 3109 216 3199 iam
229 3107 379 3180 minore
394 3105 524 3176 studio
540 3103 717 3176 Bollium
736 3101 860 3175 omnio
873 3103 1030 3197 generis
1049 3103 1318 3198 beneuolentia
1347 3117 1603 3201 prosecutae,
1635 3131 1751 3204 quarn

132 3252 276 3333 antea,
300 3259 389 3312 cum
400 3237 514 3334 opud
530 3235 644 3309 illum
658 3237 835 3334 degiecet.

568 3419 572 3430 ⁴
672 3531 675 3539 ·
728 3464 861 3567 cte.
893 3473 1149 3564 cxxvm.

332 3603 398 3712 Et
415 3664 527 3738 quum
542 3638 701 3712 Bolliue
719 3662 839 3712 unam
856 3639 897 3710 in
918 3637 1104 3710 lelandia
1117 3635 1291 3732 hyemem
1311 3636 1576 3734 transegieeet,
1602 3637 1748 3712 Snorro

132 3774 315 3848 Anticlea
337 3776 380 3846 in
397 3773 572 3846 morbum
590 3773 742 3846 incidit.
808 3772 885 3844 Ille
907 3771 1058 3869 quidem
1079 3767 1236 3841 morbus
1259 3769 1371 3842 baud
1384 3771 1512 3840 multa
1532 3794 1617 3842 cum
1632 3771 1748 3846 ueba-

132 3909 291 3980 mentia.
344 3907 491 3978 Snorro
503 3907 572 3976 diu
587 3903 997 4000 ccdemfuugebatur3
1018 3903 1153 3976 morbo
1165 3925 1253 3976 uero
1272 3903 1576 3998 ingrauescente,
1600 3885 1746 3975 bnorro

130 4039 375 4135 propinquos
397 4061 489 4108 cuae
512 4061 561 4108 oc
583 4037 824 4131 neceeearioo
847 4038 905 4109 ad
924 4060 967 4108 ee
985 4037 1220 4110 conuocauit.
1278 4032 1308 4109 Ἰ
1311 4059 1374 4107 um
1399 4035 1469 4106 ille
1487 4035 1664 4107 Bollium
1686 4038 1746 4108 ita

133 4173 355 4244 attecuna:
379 4171 481 4244 Mea
493 4169 645 4268 quidem
661 4169 746 4239 bac
762 4169 1038 4260 uoluntaeest,
1072 4168 1134 4239 uti
1156 4189 1217 4238 me
1234 4179 1388 4240 mortuo
1408 4193 1535 4239 meam
1550 4161 1746 4262 familia-

132 4328 211 4377 rem
231 4327 311 4377 rem
329 4327 377 4377 ac
394 4305 560 4377 lconoree
577 4325 752 4398 occuper,
776 4301 889 4374 baud
903 4302 1007 4374 enim
1023 4313 1063 4376 te
1074 4301 1222 4374 honore
1236 4299 1367 4371 minue
1380 4301 1542 4396 dignum
1567 4302 1747 4402 eaietimo

133 4460 249 4535 quam
265 4419 498 4534 tneorfilioe.
558 4439 602 4532 Ie
623 4437 727 4518 enim
735 4434 917 4528 filiorum
932 4457 1117 4527 meorum,
1141 4435 1350 4510 Haldorue
1374 4459 1532 4532 nempe,
1556 4462 1661 4534 quem
1676 4457 1746 4531 ego,

133 4571 543 4666 illustrieeimumsore
558 4567 745 4654 arbitror,
761 4567 873 4639 baud
889 4568 931 4639 in
946 4567 1023 4640 boc
1040 4579 1149 4642 terra
1166 4567 1290 4642 adeat.
1343 4569 1489 4670 Postea
1506 4570 1654 4640 Snorro
1672 4591 1747 4659 ειη

128 4702 306 4799 pircuit3
345 4716 493 4802 tumque
521 4713 617 4775 erat·
632 4725 758 4798 annae
783 4713 904 4774 natue
931 4713 1078 4798 septem
1102 4725 1151 4772 ac
1176 4702 1394 4798 sexaginta.
1457 4700 1633 4772 Auctore
1655 4697 1742 4803 Arc

130 4835 337 4909 Multiocio
361 4801 580 4929 sacerdote,
628 4861 716 4936 uno·
733 4859 839 4918 anno
858 4810 1123 4934 poetJobitum
1158 4835 1273 4910 Olaui
1293 4833 1413 4928 Regis
1441 4827 1573 4902 'sancti
1595 4830 1741 4907 Snorro

1292 4957 1307 4976 ”’
1434 4946 1632 5037 'rte'
