4256 5730
872 525 1079 652 ,Ηρ-

162 795 333 867 tuorem,
368 777 442 850 etsi
468 777 510 850 id
536 775 649 850 baud
663 773 1162 874 einedifficultate'sactum
1176 790 1244 854 eet.
1296 779 1486 856 Molestia
1504 806 1592 856 vero
1611 784 1786 878 qvoeclam

159 915 258 986 mibi
283 910 493 1003 incumbit,
528 909 765 988 berusmilti
777 909 964 992 inimicus
977 909 1125 1004 flectus
1147 925 1225 1002 est,
1247 937 1413 988 movero
1429 927 1549 988 antea
1565 916 1676 988 baud
1694 916 1785 990 bene

159 1058 405 1122 tractaverat
410 1071 425 1136 ,-
459 1044 563 1118 banc
584 1055 717 1116 autem
737 1043 907 1119 indolem
922 1065 944 1112 e
962 1043 1116 1116 nomine
1131 1045 1299 1136 retineo,
1333 1049 1435 1148 qvod
1453 1049 1554 1119 tales
1572 1048 1741 1140 injurias
1759 1073 1785 1118 a

158 1177 271 1265 nullo
295 1179 450 1251 bomine
466 1176 628 1276 perpeti
649 1175 776 1248 velim.
836 1174 938 1248 Eum
964 1173 1095 1272 itaqve
1111 1177 1277 1252 adortus
1291 1203 1397 1272 sum,
1422 1181 1495 1252 boc
1511 1196 1642 1254 tamen
1660 1181 1697 1252 ei
1713 1195 1786 1252 out

152 1337 303 1410 parum
329 1285 402 1382 out
419 1311 575 1394 omnino
591 1307 698 1382 nibil
709 1273 886 1410 nocuisse
903 1320 1078 1380 autumo.
1139 1309 1286 1384 Verum
1305 1323 1586 1408 tamenpostea
1601 1337 1679 1410 per
1698 1314 1784 1386 exi-

154 1471 277 1544 guam
296 1453 565 1539 tempestatem
581 1431 957 1530 commoratussum,
983 1464 1075 1512 nam
1088 1438 1179 1514 bene
1187 1458 1449 1516 meservatum
1448 1447 1645 1542 judicavi,
1670 1471 1784 1540 qvam

157 1571 445 1674 tenesmum,
456 1594 562 1672 qvem
572 1574 669 1646 bero
680 1571 862 1668 surripui
867 1601 889 1658 ,·
907 1572 1204 1645 conscenderim.
1254 1575 1456 1671 Hrappus
1470 1581 1597 1649 multa
1615 1580 1700 1674 ipse
1719 1580 1782 1649 lo-

157 1727 270 1790 eutus
285 1721 454 1808 propter
472 1711 516 1780 id
527 1729 665 1804 pauca
681 1703 869 1801 rogabat,
895 1705 998 1801 qvod
1014 1705 1108 1777 illos
1122 1707 1179 1776 ad
1194 1704 1272 1780 iter
1281 1719 1456 1802 paratos
1473 1733 1553 1781 esse
1572 1709 1781 1804 comperit,-

156 1869 289 1920 verum
312 1856 444 1916 tamen
466 1840 539 1912 boc
558 1837 666 1910 brevi
685 1835 900 1926 intellexit,
932 1835 1035 1932 qvod
1048 1836 1238 1932 Helgium
1253 1839 1419 1934 aggredi
1432 1834 1725 1914 constituissent
1743 1834 1781 1912 8(

157 1983 200 2052 id
217 1979 368 2076 qvidem
386 1975 552 2048 multum
571 1967 819 2043 collaudavit
835 1967 1004 2062 negans,
1030 1989 1072 2076 pe
1090 1967 1132 2040 in
1144 1969 1358 2065 postremis
1376 1984 1575 2068 repertum
1593 1972 1657 2046 iri.

799 2206 930 2298 ctP.
967 2205 1131 2297 LXIV.

362 2339 605 2471 Thorgilsus
620 2395 670 2443 ac
685 2364 797 2442 illius
810 2367 968 2442 comites
984 2370 1099 2465 eq'vos
1115 2369 1411 2443 conscendentes
1426 2373 1592 2443 multum
1612 2373 1695 2444 illis
1718 2373 1777 2445 ci·
1826 2419 1832 2430 ·

154 2489 286 2588 tovere
297 2510 481 2606 gradum,
496 2507 655 2608 jamqve
669 2507 716 2575 e'c
728 2501 842 2600 sylva
851 2479 1159 2597 procumbant.
1215 2479 1609 2612 Tum'qvatuorviros
1624 2517 1779 2600 atugu-

155 2648 228 2720 riis
244 2644 457 2742 oqvitantes
470 2659 712 2734 conspexere.
762 2631 940 2709 Multum
952 2647 995 2706 et
1012 2629 1092 2706 isti?
1108 2634 1184 2706 iter
1191 2634 1446 2728 festinavere.
1513 2639 1544 2710 'I
1544 2659 1609 2709 um
1629 2637 1779 2733 aliquot

154 2809 176 2854 e
195 2775 393 2870 Tborgilsi
407 2769 623 2858 comitibus,
641 2767 746 2864 eqvts
761 2790 879 2864 qvam
887 2767 1058 2842 maxime
1065 2779 1231 2863 possent
1245 2767 1394 2858 citatis,
1417 2791 1482 2842 eos
1494 2763 1777 2868 perseqvendos

156 2933 346 2986 censuere.
405 2902 635 2980 Tborleilus
652 2897 1280 2996 autemBolliifilius·respondit:
1296 2903 1419 2996 prius
1434 2903 1492 2972 ad
1504 2903 1665 3000 tuguria
1673 2925 1777 2998 per·
1832 2887 1835 2890 ¹

155 3046 378 3126 veniamus,
410 3060 459 3106 ac
484 3031 755 3124 investigemus
781 3029 875 3124 qvid
890 3027 945 3096 ibi
962 3029 1162 3102 bominum
1180 3031 1256 3119 sit,·
1282 3030 1393 3100 baud
1405 3033 1508 3101 enim
1524 3033 1712 3128 Helgium
1729 3057 1778 3104 ac

160 3151 438 3249 illiuscomitee
450 3163 515 3235 ltic
527 3162 664 3232 adesse
678 3135 868 3245 arbitror,
891 3157 935 3228 bi
942 3159 1045 3230 enim
1054 3159 1194 3256 eqvites
1202 3157 1577 3233 miltimuliereeesse
1585 3164 1775 3235 videntur.

157 3309 301 3384 Plures
317 3299 464 3398 qvidem
486 3292 770 3366 contradixere.
828 3289 1059 3384 Tborgilsus
1082 3301 1214 3359 autem
1232 3289 1438 3363 Thorleibo
1462 3316 1543 3363 esse
1562 3286 1775 3364 'cedendum

158 3434 389 3536 affirmavit,
415 3424 525 3501 novit
542 3424 643 3496 enim
663 3419 910 3496 Tltorleikum
923 3421 1030 3494 visus
1047 3421 1226 3492 acumine
1243 3443 1373 3492 omnes
1388 3423 1630 3494 antecellere.
1683 3423 1775 3495 lam

158 3576 215 3645 nd
229 3565 388 3664 tuguria
399 3557 582 3633 conversi.
619 3557 833 3654 'Hrappue
841 3565 1175 3650 tqvoproevectus,
1189 3552 1327 3643 bastae,
1346 3577 1457 3650 qvam
1467 3553 1664 3651 gestabat,
1688 3579 1775 3627 mo·

160 3703 264 3778 tavit
272 3701 433 3795 serrum
451 3703 593 3766 antece
604 3699 830 3786 porrectum
838 3685 984 3766 dicens:
999 3697 1151 3782 tempus
1155 3685 1246 3783 jam
1261 3687 1396 3758 adesse
1407 3686 1551 3760 virium
1569 3688 1774 3782 experien-

157 3843 310 3912 dorum·
363 3831 447 3902 Nec
459 3825 607 3922 Helgio
625 3847 674 3894 ac
692 3819 808 3892 sociis
824 3819 935 3916 illiue
950 3819 1105 3918 aliqvid
1122 3818 1185 3889 bis
1199 3815 1376 3898 derebus
1400 3832 1638 3914 compertum
1657 3833 1775 3894 ante·
1888 3815 1889 3818 '

158 3993 271 4070 qvam
290 3959 520 4054 Thorgilsus
537 3979 586 4026 ac
602 3953 712 4052 illius
725 3953 882 4022 comites
895 3951 1096 4049 tugurium
1104 3951 1266 4046 illosqve
1274 3953 1315 4021 in
1324 3975 1368 4021 eo
1382 3951 1615 4023 constitutos
1632 3953 1774 4050 oppri-

158 4108 316 4174 merent.
360 4089 529 4184 Helgius
548 4091 601 4156 ac‘
611 4083 722 4154 illius
738 4082 845 4170 socii,
860 4085 997 4154 clausa
1016 4095 1099 4153 tum
1110 4073 1257 4178 janua,
1273 4105 1388 4151 arma
1406 4082 1640 4176 corripuere.
1679 4085 1775 4156 Tum
1819 4091 1823 4100 ’

158 4231 360 4336 Hrappus
376 4225 433 4296 ad
447 4220 647 4318 tugurium
667 4193 883 4312 prosiliens
899 4200 1075 4310 rogavit:
1095 4237 1150 4284 an
1164 4213 1301 4310 vulpes
1317 4213 1424 4283 intus
1440 4227 1549 4287 esset.
1604 4213 1775 4312 Helgius

159 4361 384 4460 respondit:
418 4351 660 4453 experientia
686 4361 723 4418 te
738 4343 889 4418 docebit
897 4343 1164 4440 periculosum
1176 4367 1261 4415 esee
1276 4344 1383 4417 intus
1392 4343 1637 4420 babitantem
1643 4399 1656 4435 ,
1671 4373 1772 4444 pos·
1892 4373 1895 4380 ¹

158 4521 266 4594 seque
286 4514 371 4565 eum
394 4485 549 4582 infestis
567 4493 702 4581 petere
725 4471 907 4552 dentibus
940 4501 1026 4572 qvae
1051 4478 1109 4548 acl
1130 4473 1341 4567 latibulum
1370 4480 1542 4575 propius
1572 4483 1772 4552 accedant.

163 4633 198 4704 T
193 4625 471 4723 umqvestatim
479 4618 648 4716 Helgiuc
657 4613 778 4689 basta
784 4635 860 4707 per
882 4609 1032 4704 tugurii
1029 4610 1252 4702 fenestram
1260 4610 1400 4689 emissa
1409 4612 1627 4707 Hrappum
1636 4623 1771 4696 trans.

154 4763 299 4858 fixit,et
311 4759 378 4828 ille
388 4743 827 4836 statimmortuusltumi
832 4741 1053 4840 procubuit.
1085 4743 1180 4814 Tum
1192 4741 1772 4838 Tborgilsusrogovitsutcaute

154 4894 429 4990 procederent,
454 4908 503 4954 ac
520 4883 711 4956 evitarent
725 4877 974 4974 infortunio3
998 4877 1098 4948 satis
1112 4875 1231 4965 enim,
1258 4873 1398 4971 inquit,
1424 4871 1534 4944 nobie
1549 4871 1690 4944 virium
1712 4887 1771 4944 est
