4274 5728
855 553 1069 674 Q

151 833 253 900 cere,
280 822 325 882 ut
354 801 686 903 Thangbranclum
717 814 830 900 atque
858 826 941 890 eos,
969 795 1041 896 'qui
1061 801 1124 873 illi
1142 802 1301 894 ferrent
1326 805 1540 896 auxilium,
1575 809 1768 905 interfice-

149 956 245 1014 rent.
314 946 487 1038 Propter
513 940 616 1012 hunc
639 938 849 1008 tumultum
877 935 1195 1032 Thanpbruuclus¹
1220 941 1381 1036 aufugit
1414 944 1469 1012 acl
1503 945 1766 1040 Noroagiam‚
1849 992 1884 1044 ι,

151 1079 387 1172 Olaoumqoe
411 1100 538 1172 regern
560 1073 785 1146 conveniens
813 1069 964 1158 docuit,
996 1069 1087 1164 qoicl
1108 1073 1149 1143 iu
1176 1073 1286 1144 illius
1308 1075 1446 1148 itinere
1473 1092 1627 1172 gestum
1647 1095 1766 1170 esset,

147 1223 186 1280 et
217 1195 433 1308 sequidem
459 1209 583 1283 vereri
620 1206 856 1304 affirmavit,
896 1216 942 1274 ut
968 1201 1253 1277 christianismi
1282 1191 1554 1306 promulgatio
1574 1213 1704 1305 sacile
1724 1216 1766 1300 iu

145 1343 330 1413 Islonclia
351 1328 590 1440 processura
614 1341 735 1435 foret.
813 1341 899 1411 Rex
930 1337 986 1408 acl
1015 1335 1099 1406 hoec
1131 1342 1248 1434 gravi
1280 1343 1343 1410 ira
1381 1369 1584 1416 succensus
1621 1349 1766 1420 multos

145 1477 351 1566 Islandos,
391 1478 617 1573 iniquiorem
655 1498 767 1546 suam
802 1484 944 1544 sortem
981 1459 1187 1558 sensuros,
1229 1499 1268 1544 se
1302 1477 1382 1546 reri
1408 1477 1640 1574 affirmavit,
1687 1483 1766 1553 nisi

145 1610 220 1680 sibi
238 1611 453 1703 faciliores
482 1619 738 1683 occurrerent.
814 1607 964 1680 Eadem
1000 1613 1139 1678 astate
1164 1607 1367 1702 Hjoltius,
1395 1612 1532 1708 Skeggi
1548 1612 1681 1707 filius,
1722 1617 1763 1688 in

143 1745 311 1846 comitiis
343 1745 519 1842 publicis
554 1755 724 1842 propter
763 1742 889 1838 impia
938 1741 984 1808 ele
1025 1741 1103 1810 eliis
1134 1739 1359 1840 carmina*)
1391 1745 1501 1817 exilii
1525 1749 1763 1838 'damaratum

142 1877 339 1971 Runolfo,
397 1878 475 1972 Ulfi
499 1878 606 1973 filio,
657 1877 721 1972 qvi
748 1875 852 1946 Dali
874 1872 943 1944 sub
965 1871 1181 1962 montibus,
1233 1901 1313 1971 qcoe
1343 1877 1528 1975 Eyofjiill
1557 1883 1761 1972 dicuutur,

140 2011 371 2098 habitabat,
418 2025 530 2105 atqve
568 2011 610 2082 in
633 2007 885 2103 principibus
910 2019 998 2076 erat
1029 2007 1231 2094 maximis,
1281 2035 1366 2080 eum
1404 2029 1623 2084 accusante.
1699 2018 1762 2088 Ea

141 2157 281 2216 astate
313 2139 501 2215 Gissurus
529 2153 567 2213 et
598 2139 783 2237 Hjoltius
813 2137 979 2232 peregre
1006 2125 1182 2232 profecti
1208 2143 1264 2210 ad
1305 2125 1548 2238 Narragiom
1586 2109 1760 2244 appule:

137 2300 204 2363 re,
261 2243 498 2371 Olaoumqve
533 2297 659 2369 regem
693 2273 831 2343 statim
864 2295 1082 2342 conuenere.
1170 2275 1256 2344 Rex
1288 2274 1381 2344 illos
1411 2279 1535 2350 amice
1565 2283 1762 2376 excipiens

139 2411 328 2482 laudauit
358 2433 491 2480 eorum
522 2419 687 2481 conatus
716 2401 755 2476 8<
781 2407 895 2499 opud
919 2427 958 2476 se
987 2405 1139 2480 morari
1158 2405 1346 2500 jubebat,
1388 2413 1490 2505 qvod
1521 2413 1671 2508 quidem
1697 2417 1760 2487 illi
1878 2399 1880 2404 ⁵

138 2543 252 2612 haud
272 2539 602 2636 aspernabantur.
632 2567 634 2570 ·
668 2539 915 2634 Suettingus,
953 2537 1116 2632 Runolfi
1147 2539 1338 2611 Daleusis
1351 2539 1486 2633 filius,
1528 2545 1570 2616 in
1598 2549 1758 2622 Nerva.

135 2675 206 2770 gia
228 2697 306 2768 per
338 2673 451 2744 illam
478 2673 652 2769 hyemem
678 2671 958 2760 commoratus,
999 2683 1139 2742 castate
1166 2641 1223 2740 ael
1251 2673 1474 2744 Islondiam
1503 2677 1631 2748 redire
1662 2703 1758 2750 con·
1827 2703 1832 2728 ·

138 2809 346 2892 stituerat,
384 2820 535 2902 tumque
553 2786 708 2900 parata
732 2805 847 2876 navis
865 2805 921 2874 acl
936 2803 1165 2897 ponticulos
1187 2807 1396 2876 secundum
1416 2821 1571 2878 ventum
1595 2833 1757 2904 exspec-

138 2915 263 3010 tabat.
342 2941 426 3009 Rex
456 2939 569 3008 illum
596 2937 797 3030 proficisci
826 2927 1074 3029 prohibuit,
1107 2931 1341 3032 ⁴negauitque
1378 2939 1505 3010 ullam
1545 2942 1678 3012 navim
1709 2967 1756 3016 ea

137 3069 278 3144 aestate
304 3071 360 3138 acl
381 3041 602 3137 islandiam
624 3079 912 3160 perventuram.
974 3063 1203 3157 Svertiugus
1230 3091 1355 3160 regem
1378 3072 1516 3141 adiens
1552 3052 1663 3142 suom
1693 3076 1760 3168 itti,

136 3227 301 3276 eausam
340 3201 523 3292 exposuit
543 3199 762 3292 ueniamque
788 3195 911 3290 petiit
941 3195 1253 3289 peregrinandi,
1307 3223 1380 3268 saa
1416 3201 1489 3270 hoa
1524 3207 1660 3297 magui
1692 3208 1758 3275 in-

130 3352 299 3424 teresse,
326 3357 376 3402 ne
399 3355 496 3402 ouus
517 3332 646 3402 enavi
669 3313 806 3400 rursus
825 3327 1062 3416 auferretur,
1081 3325 1323 3418 confirmans.
1375 3332 1462 3400 Rex
1476 3332 1591 3402 valde
1609 3335 1756 3428 quidem

134 3463 483 3542 stomachabatur:
497 3463 600 3547 bene,
615 3461 749 3556 iuquit,
766 3473 823 3530 est
841 3459 940 3555 qoocl
962 3458 1190 3530 idololatra
1194 3458 1310 3552 filius
1335 3460 1390 3531 ibi
1401 3477 1579 3554 maneat,
1606 3467 1672 3536 ubi
1691 3469 1755 3544 illi

132 3599 421 3692 minusplacet.
463 3595 780 3688 NecScertiugus
797 3615 954 3706 usquam
966 3591 1171 3686 profectas
1185 3605 1251 3664 est.
1290 3595 1383 3664 Hac
1396 3595 1531 3688 hyeme
1545 3598 1649 3668 nihil
1663 3604 1755 3674 uoci

129 3747 294 3837 gestum.
374 3732 563 3802 Proxima
595 3739 734 3799 aestate
763 3750 832 3797 rex
864 3725 1072 3796 Gissurum
1107 3725 1254 3797 Album
1288 3753 1337 3796 ac
1360 3729 1581 3823 IlJ'altium,
1617 3707 1754 3828 Sheggi

100 3915 103 3918 -
129 3867 279 3960 filium,
304 3856 411 3934 misit
435 3865 490 3933 acl
511 3861 736 3934 lslaucliam
775 3858 831 3930 aci
853 3857 1080 3953 religionem
1103 3859 1272 3930 denooo
1291 3859 1618 3954 pradicaudam5
1654 3891 1755 3960 qoa-

134 4015 226 4072 tuor
269 4010 398 4066 tamen
430 3995 536 4065 uiros
566 3991 714 4061 obsides
739 3991 921 4060 retinuit:
970 3991 1212 4083 Kjartauum
1248 3993 1365 4063 Olavi
1385 3991 1541 4084 filium,
1592 3997 1757 4070 Hulclo-

132 4153 246 4218 rum,
271 4125 405 4220 silium
424 4118 981 4214 GuslrnundiRihi'(Divitis),
1017 4119 1265 4209 Kolbeiuum,
1288 4123 1421 4215 fllium
1448 4124 1595 4198 Thorcli
1616 4131 1753 4202 Freis-

128 4264 228 4361 godi
260 4257 299 4331 ἃ
329 4257 590 4351 Scertingune,
632 4251 766 4346 filium
799 4249 960 4344 Runolsi
982 4250 1183 4324 Dolensis.
1267 4255 1430 4350 Tumque
1454 4259 1611 4330 Bollius
1634 4264 1754 4335 simul
1845 4247 1859 4270 ⁶

132 4423 220 4470 oum
248 4395 413 4481 Gissuro
439 4413 487 4460 ac
507 4386 670 4481 Hjaltio
688 4385 744 4460 od
768 4384 843 4452 iter·
853 4395 1030 4476 paratus
1051 4383 1251 4455 sobrinum
1273 4411 1383 4460 seeum
1397 4391 1643 4486 Kjartanum
1660 4421 1754 4467 con·

129 4529 259 4618 uenit,
287 4491 445 4595 itueum
474 4521 692 4592 allocutus:
724 4517 814 4611 jam
837 4539 906 4610 ego
934 4515 1088 4586 omnino
1113 4516 1247 4587 itineri
1265 4535 1458 4616 paratus,
1500 4539 1537 4596 te
1566 4552 1661 4598 sone
1676 4550 1754 4621 per

132 4672 346 4754 sequentem
367 4657 540 4751 hyemem
573 4647 855 4744 exspectarem,
898 4647 1037 4718 situm
1062 4646 1134 4717 tibi
1164 4655 1383 4746 expeditius
1393 4657 1506 4748 foret
1537 4658 1613 4726 iter
1641 4681 1751 4752 qvam

131 4813 238 4863 nunc
262 4801 338 4878 est,
390 4812 459 4856 nos
491 4795 621 4854 autem
646 4781 750 4853 illud
776 4783 993 4878 intelligere
1011 4781 1204 4873 ridemur,
1260 4810 1385 4881 regem
1420 4781 1455 4856 le
1491 4783 1601 4856 nullo
1627 4803 1751 4882 pacto

130 4925 403 4946 *m

151 4993 185 5063 *)
197 4991 500 5070 Cfi.Kristuisago‚
519 4984 572 5045 ubi
587 4985 644 5044 hoc
661 4987 794 5064 impium
802 4983 928 5044 Hialtii
942 5003 1067 5044 carmen
1082 4995 1225 5046 seruatur
1234 4985 1309 5061 Cap.
1318 4985 1372 5045 IX
1384 4985 1566 5047 collNiala
1581 5009 1649 5069 cap.
1659 4991 1748 5051 CIII.
