4282 5714
890 527 984 608 ,⁴28

141 773 242 846 simo
251 771 482 862 habebatur,
500 772 733 868 cujussama
745 769 811 842 ubi
823 771 878 840 ad
895 794 1013 840 aures
1024 769 1221 842 H'oslculdi
1229 774 1424 866 peruenit,
1441 774 1763 876 simulqueBio'r7

139 931 225 980 nem
246 930 326 977 esse
343 907 514 978 omniurn
534 909 753 978 incolarum
771 903 1089 994 Strandensium,
1114 903 1306 974 bominem
1323 931 1365 976 re
1388 908 1634 993 lautissima,¹
1647 911 1759 980 domo

138 1065 225 1124 cum
255 1043 383 1112 decem
414 1041 512 1113 uiris
530 1067 622 1140 equo
642 1041 798 1116 rebitur
812 1040 1120 1135 atqueBibrnem
1139 1039 1632 1134 rusticumBiarnarfiiirdi
1654 1043 1758 1134 uisit,

138 1176 201 1246 cui
229 1199 315 1244 cum
342 1187 441 1244 esset
469 1175 621 1270 egregio
652 1175 807 1246 nomine
836 1171 1036 1267 cognitus,
1083 1173 1364 1244 humanissime
1391 1171 1441 1244 ab
1474 1199 1517 1246 eo
1548 1177 1756 1272 excipitur.

134 1307 289 1379 Deinde
302 1307 533 1377 Ho'slculdus
557 1309 603 1379 de
620 1332 739 1378 uxore
755 1299 932 1377 ducenda
952 1331 1163 1378 sermonem
1183 1307 1380 1397 instituit,
1416 1333 1522 1404 quem
1538 1312 1664 1381 Bibra
1688 1335 1756 1380 co-

134 1443 250 1511 miter
266 1442 473 1535 excipiens,
497 1440 572 1512 sibi
587 1443 738 1540 quidem
755 1442 817 1512 ait
833 1465 920 1512 eam
936 1465 1017 1510 esse
1035 1453 1209 1530 mentem,
1225 1439 1361 1534 filiam
1378 1467 1492 1512 suam
1509 1446 1584 1514 alii
1601 1443 1755 1516 meliori

135 1598 213 1646 non
230 1589 468 1670 nupturam,
499 1601 539 1645 se
554 1588 683 1648 tamen
701 1575 805 1645 lianc
823 1599 903 1646 rem
931 1575 1059 1670 ipsius
1079 1573 1248 1645 arbitrio
1273 1575 1507 1671 relinquere,
1542 1579 1589 1648 de
1612 1601 1688 1674 qua
1714 1575 1755 1647 r'e
1841 1573 1846 1582 ’

134 1707 579 1802 cumapudlorunnam
605 1721 808 1804 ageretur,
847 1709 955 1810 ,bunc
985 1711 1027 1780 in
1052 1712 1208 1780 modum
1223 1712 1451 1806 respondit:
1486 1714 1587 1806 quod
1627 1713 1674 1781 de
1706 1723 1754 1800 te,

132 1841 349 1931 H'o'skulde,
366 1845 423 1916 ad
435 1867 552 1914 aures
569 1843 1071 1938 nostrasfandoperuenit,
1088 1844 1246 1932 taleest,
1263 1857 1307 1914 ut
1311 1846 1547 1940 petitionem
1560 1825 1669 1915 tuam
1679 1868 1756 1914 non

127 1977 329 2071 possimus
348 2001 426 2048 non
438 1979 616 2072 placidis
633 1977 797 2048 auribus
811 1978 1000 2072 accipere,
1027 1979 1070 2046 id
1085 1977 1186 2048 enim
1202 2001 1436 2071 persuasum
1461 1977 1666 2078 babemus,
1693 1975 1757 2046 illi

131 2109 247 2179 uxori
265 2107 356 2177 bene
373 2135 453 2180 esse
470 2112 700 2198 consultum,
727 2135 811 2206 quce
831 2123 954 2179 tecum
972 2091 1223 2178 matrimonio
1233 2111 1443 2204 jungatur,
1471 2135 1604 2182 uerum
1625 2123 1756 2179 tamen

127 2255 250 2338 pater
266 2265 373 2310 meus
400 2241 478 2310 hac
502 2244 543 2311 in
562 2267 604 2314 re
616 2245 837 2338 plurimum
857 2242 1112 2310 auctoritatis
1129 2241 1307 2330 babebit,
1340 2267 1434 2312 nam
1451 2244 1533 2314 eius
1555 2242 1755 2314 uoluntati

130 2376 305 2473 equidem
327 2375 579 2445 consentiam.
637 2377 784 2448 Verum
807 2373 869 2442 leis
892 2371 1005 2442 rebus
1031 2375 1196 2467 agendis
1218 2375 1300 2446 siue
1323 2376 1490 2445 multum
1513 2375 1593 2446 siue
1605 2399 1755 2470 parum

131 2507 320 2603 temporis
329 2509 467 2578 datum
471 2507 615 2598 fuerit,
632 2533 674 2578 eo
685 2508 845 2602 denique
853 2530 914 2576 res
917 2507 1113 2602 peruenit,
1126 2507 1356 2578 utJorunna
1364 2475 1571 2578 Hdslculdo
1581 2510 1755 2603 despon-

132 2645 301 2732 deretur,
322 2664 470 2735 magna
497 2641 652 2736 adjecta
681 2639 810 2712 dotali
829 2639 1024 2734 pecunia:
1065 2639 1108 2709 id
1121 2641 1340 2712 conuiuium
1371 2654 1414 2710 ut
1441 2641 1754 2712 Hbslculdstadis

122 2775 239 2872 fieret
261 2777 456 2845 decretum
478 2785 547 2846 est.
611 2763 679 2846 Ita
709 2786 802 2844 acta
823 2798 876 2858 re,
902 2775 1133 2844 Hoslculdus
1153 2800 1261 2870 eques
1275 2773 1541 2868 proficiscitur
1551 2775 1752 2870 praedium

132 2937 245 2984 suum
260 2911 481 2998 revisurus,
499 2909 659 3004 jamque
677 2907 782 2977 domi
796 2906 981 2978 manebat
1005 2933 1121 3004 usque
1145 2911 1201 2978 ad
1217 2921 1369 3003 tempus
1386 2909 1565 2979 conuiuii.
1628 2905 1754 3002 Bjo'ru

130 3071 156 3118 a
173 3045 326 3118 boreali
344 3067 416 3114 ora
430 3043 617 3140 aduenit,
648 3043 876 3136 splendente
899 3042 1076 3137 stipatus
1099 3043 1299 3112 comitatu.
1358 3042 1486 3138 'Apud
1501 3041 1751 3114 Hbslculdum

120 3185 212 3280 jam
232 3177 349 3251 multi
364 3188 624 3249 conuenerant
645 3175 764 3248 amici
780 3187 896 3273 atque
913 3175 1091 3270 cognati,
1122 3188 1279 3272 eratque
1297 3177 1516 3250 conuiuium
1543 3175 1754 3246 admodum

128 3312 391 3411 magnificum.
459 3311 596 3380 Soluto
624 3322 757 3396 autern
780 3310 987 3404 ¹conuiuio,
1026 3307 1186 3403 quilibet
1215 3310 1271 3378 ad
1296 3333 1369 3378 sua
1395 3310 1514 3378 rediit
1537 3308 1751 3393 domicilia,

130 3446 310 3521 amicitia
341 3467 381 3513 se
404 3443 572 3525 inuicem
604 3454 882 3536 prosequentes
913 3441 1098 3534 donisque
1125 3439 1323 3511 bonorati.
1387 3441 1569 3510 Jorunna
1590 3441 1752 3536 ijrnis

39 3597 42 3610 '
121 3583 216 3680 fllia
241 3571 792 3660 Hdslculdstodisremansit,
840 3598 926 3642 cum
947 3573 1151 3643 Hosculdo
1174 3574 1232 3642 rei
1245 3573 1474 3666 familiaris
1498 3595 1634 3642 curam
1660 3597 1751 3640 am·
1853 3557 1859 3564 ⁸

126 3719 273 3816 plexa,
313 3712 425 3809 idque
442 3709 548 3781 breui
571 3711 613 3778 ln
631 3707 742 3778 illius
762 3707 907 3802 agendi
923 3709 1078 3778 ratione
1102 3705 1355 3797 manifestum
1371 3731 1411 3776 se
1434 3706 1622 3803 reddidit,
1650 3708 1752 3801 quod

126 3829 346 3951 prudenlio
365 3859 481 3940 atque
494 3844 596 3914 bona
620 3842 802 3914 educatio
831 3855 948 3939 atque
974 3843 1191 3912 multarum
1221 3864 1350 3911 rerum
1366 3841 1404 3912 ei
1423 3841 1564 3910 inesset
1584 3839 1749 3934 peritia,

130 3987 288 4058 animus
306 4002 397 4052 uero
418 3990 507 4048 erat
519 3975 748 4070 plerumque
758 3975 972 4065 feruidior.
1015 3975 1369 4071 Hbslculdus'atque
1384 3975 1459 4044 illa
1467 3974 1587 4064 felici
1603 3975 1750 4044 matri«-

128 4118 253 4194 monii
271 4111 481 4186 concordia
498 4107 721 4196 utebantur,
743 4109 818 4178 etsi
835 4108 1005 4203 quotidie
1022 4109 1133 4178 baud
1157 4111 1285 4178 multa
1310 4121 1389 4178 esst
1412 4133 1629 4191 sermonum
1646 4134 1750 4200 com·

130 4247 357 4330 municatio.
409 4245 501 4317 lam
516 4243 746 4315 Hoslculdus
765 4242 868 4312 inter
889 4265 1070 4336 proceres
1084 4241 1244 4312 habitus
1257 4237 1459 4337 potenti&
1483 4241 1524 4310 in
1549 4239 1661 4310 rebus
1675 4267 1749 4336 ge·
1794 4317 1801 4334 ·

131 4386 265 4462 rendis
277 4379 437 4454 ardenti
445 4378 618 4473 pecunia
630 4403 708 4448 non
718 4376 846 4468 defuit
860 4399 929 4444 nec
945 4375 1028 4446 ullo
1045 4375 1086 4447 in
1097 4377 1180 4448 loco
1191 4377 1269 4466 ille,
1287 4376 1519 4470 dignitatem
1531 4344 1748 4470 respicien-

134 4522 249 4610 tibus,
262 4514 506 4612 potriKollo
519 4511 778 4608 posthabitus
792 4522 859 4582 est.
903 4511 1131 4580 Hbslculdus
1146 4507 1451 4605 atquelorunna
1468 4509 1580 4579 lraud
1589 4510 1748 4602 longam

133 4647 551 4752 egerantmatrimonii
561 4647 684 4719 uitam
694 4658 903 4741 antequam
915 4641 1055 4714 liberos
1069 4645 1397 4716 nanciscerentur.
1432 4641 1562 4712 Filius
1576 4641 1746 4725 illorum,

135 4791 198 4888 qui
208 4785 419 4860 liberorum
430 4793 626 4854 eratnatu
642 4779 847 4872 maximus,
870 4779 1282 4864 Tborleilusuocutus,
1303 4775 1584 4899 alterllardus.
1637 4771 1747 4842 Filia
