4282 5714
909 519 969 598 53

132 767 230 840 milti
254 781 311 838 est
335 763 376 838 in
401 765 479 836 bac
495 777 602 835 terra
629 761 771 851 lroeres,
801 775 952 856 tumque
970 785 1055 831 rnen
1076 761 1175 830 bona
1188 763 1325 866 melius
1342 766 1536 836 collocata
1555 770 1744 864 existimo,
1796 833 1800 842 .

127 923 242 994 qvam
256 899 291 968 si
307 901 383 971 oV
386 899 523 992 igdisoe
533 895 769 990 propinqvis
784 895 937 984 infestis
947 892 1433 986 ungvibusarriperentur.
1467 900 1569 969 Hoee
1593 906 1742 996 quidem
1801 891 1804 898 ¹

120 1032 261 1125 pactio
279 1029 716 1120 abesleuldoaccepto
728 1037 843 1123 atqve
852 1039 944 1095 rato
951 1026 1072 1116 facta
1081 1050 1094 1113 ,·
1112 1025 1423 1098 Melborkoeoero
1435 1029 1630 1126 boecoegre
1640 1035 1742 1127 pla-

126 1162 282 1250 cebant,
324 1185 416 1232 nam
440 1160 568 1228 minue
589 1156 803 1249 honorifico
822 1155 905 1248 filii
935 1125 1231 1228 educatio—viso.
1283 1154 1513 1230 Hbsbuldus
1530 1164 1643 1234 illam
1655 1191 1741 1260 pa·-

125 1317 213 1362 rum
227 1293 321 1386 quid
336 1317 356 1359 e
372 1315 414 1360 re
427 1303 526 1360 esset
539 1311 678 1380 sapere
693 1291 891 1378 contendit
895 1315 910 1380 ,·
934 1289 1129 1359 Tbordum
1148 1289 1247 1358 enim
1258 1311 1338 1358 esse
1355 1291 1482 1360 virum
1495 1307 1643 1365 exactae
1650 1299 1742 1392 jam

126 1424 259 1492 (etatis
274 1421 476 1514 liberisque
499 1419 643 1508 orbum,
670 1445 709 1490 se
724 1433 856 1490 autem
868 1421 986 1512 Olafo
1001 1419 1219 1491 destinasse
1237 1444 1364 1490 omnes
1383 1447 1474 1515 opes
1486 1439 1579 1518 post
1593 1428 1740 1499 Tborcli

125 1566 302 1640 mortem,
344 1552 458 1620 illam
481 1573 570 1622 vero
585 1549 720 1642 fllium
746 1555 900 1645 qvando
920 1551 1068 1624 luberet
1085 1551 1288 1621 convenire
1300 1578 1427 1646 posse.
1489 1557 1585 1626 Tum
1613 1559 1739 1631 Tltor-

125 1687 197 1754 dus
216 1685 383 1754 Olavum
406 1695 627 1775 septennem
638 1681 728 1773 jam
750 1681 902 1774 excepit
924 1706 1080 1777 eumque
1103 1685 1391 1753 intimo'arncre
1410 1687 1611 1780 diligebat.
1650 1693 1740 1762 Hoc

125 1819 181 1886 ad
204 1817 294 1885 illos
320 1817 425 1887 viros
447 1815 622 1882 delatum
647 1825 715 1900 est,
743 1813 807 1906 qvi
834 1837 919 1882 cum
941 1813 1095 1884 Tbardo
1115 1816 1268 1885 Goddio
1284 1783 1372 1886 lites
1390 1831 1562 1911 agerent,
1578 1823 1740 1918 jamque

125 1969 324 2040 reposcere
344 1947 552 2038 pecuniam
579 1945 785 2038 aliquanto
811 1967 925 2040 qvam
946 1958 1065 2014 antea
1098 1945 1224 2016 visum
1251 1948 1458 2041 difficilius.
1511 1945 1747 2022 liodoldus

128 2079 283 2148 Tbordo
313 2076 640 2168 Gelleroegregia
664 2075 772 2142 misit
804 2097 965 2142 munera
993 2077 1181 2168 simulqoe
1211 2079 1387 2166 rogavit,
1428 2105 1475 2150 ne
1505 2057 1578 2149 sibi
1610 2082 1654 2150 ob
1678 2107 1738 2170 ea,

78 2185 82 2191 Ι
124 2232 208 2304 qvoe
221 2207 344 2298 fucta
371 2219 507 2287 essent,
532 2205 845 2288 succenderetur,
879 2215 1017 2274 contra
1049 2205 1245 2273 Tbordum
1259 2207 1351 2298 jure
1379 2208 1563 2299 grassari
1579 2235 1656 2280 non
1683 2214 1737 2282 li-

123 2361 207 2411 cere
234 2340 290 2407 ad
312 2336 524 2430 pecuniam
550 2335 870 2424 rospascendom5
908 2335 1116 2428 Vigdisam
1136 2337 1289 2404 nullam
1304 2357 1436 2404 veram
1459 2341 1629 2432 culpam,
1655 2367 1740 2440 qvae

122 2470 315 2563 sufficiens
341 2479 438 2538 esset
466 2466 628 2538 divortii
644 2488 798 2554 caussa,
826 2467 939 2558 apud
963 2466 1158 2536 Tbordum
1190 2467 1400 2560 reperisse,
1440 2494 1509 2540 nec
1541 2473 1739 2572 Tbordum

124 2601 171 2674 ob
195 2603 238 2671 id
259 2599 384 2671 virum
406 2598 534 2666 minus
557 2597 759 2668 honestum
782 2593 1002 2665 babendum
1019 2621 1098 2668 esse
1125 2598 1334 2682 contendit,
1355 2599 1390 2666 si
1406 2601 1611 2672 consilium
1629 2629 1737 2698 quee-

124 2745 248 2819 reret,
279 2733 335 2800 od
353 2729 613 2822 ablegandum
629 2731 767 2814 virum,
791 2729 855 2822 qvi
873 2729 982 2796 illius
999 2726 1126 2798 solum
1141 2727 1278 2822 opibus
1296 2743 1593 2822 sustentaretur,
1619 2749 1657 2804 et
1674 2740 1738 2830 qvi

123 2875 224 2936 esset
241 2864 389 2932 cinctus
407 2861 545 2953 culpis,
573 2861 633 2930 uti
649 2861 789 2950 frutex
804 2860 986 2954 juniperi
1011 2861 1159 2930 aculeis
1185 2858 1348 2956 (obsitus
1364 2861 1446 2958 est).
1498 2867 1579 2937 Hic
1605 2881 1737 2939 autem

122 2995 322 3067 H'bsbuldi
352 2993 512 3062 nuntius
537 2993 740 3060 simulcum
765 2989 922 3082 magnis
942 2990 1164 3060 muneribus
1189 3016 1274 3061 cum
1298 2997 1353 3063 ad
1373 2997 1569 3067 Tbordum
1589 3025 1736 3093 peree—
1815 2978 1821 2986 ¹

122 3127 250 3212 niret,
280 3124 458 3194 Tbcrdus
476 3123 655 3197 Gellerus
680 3147 776 3192 sane
790 3121 1017 3213 mitigatus,
1035 3121 1156 3206 dixit,
1184 3123 1357 3193 seillam
1376 3130 1598 3220 pecuniam,
1622 3157 1737 3224 qvam

120 3257 354 3328 Hbsbuldus
381 3267 599 3341 tutaretur,
627 3255 717 3344 bene
738 3255 910 3322 locatam
938 3253 1172 3339 existimare,
1202 3265 1353 3346 tumque
1370 3281 1531 3326 munero
1562 3263 1735 3352 accepit,

123 3390 264 3460 deinde
292 3412 354 3457 res
379 3389 434 3453 ad
463 3385 661 3452 silentium
687 3385 847 3452 reducta
882 3394 918 3449 et
932 3381 1207 3470 familiaritas
1233 3382 1438 3474 aliquanto
1458 3363 1585 3456 evasit
1607 3387 1736 3478 infre-

123 3519 312 3616 qventior.
385 3515 475 3586 Jam
509 3515 656 3583 Olavus
687 3515 799 3606 opud
833 3512 1028 3582 Tltordum
1057 3513 1253 3580 Goddiurn
1287 3513 1530 3604 adolescens,
1581 3544 1736 3613 mognoe

123 3665 293 3723 staturae
319 3649 379 3720 oir
404 3627 518 3742 atqve
548 3644 727 3716 robustus
747 3645 891 3734 sactus
924 3655 1000 3726 est,
1040 3637 1078 3714 8<
1111 3656 1265 3712 tantum
1296 3637 1498 3719 venustate
1527 3651 1737 3722 excellebat

123 3798 171 3856 ut
205 3784 267 3852 illi
300 3769 441 3850 similis
474 3805 583 3849 nemo
618 3778 868 3848 inveniretur.
946 3773 1161 3845 Duodecim
1192 3800 1317 3845 annos
1349 3791 1468 3848 natus
1492 3781 1548 3849 ad
1569 3781 1736 3852 Comitia

123 3913 361 4010 (generalia)
388 3936 480 4004 eqvo
511 3921 641 3982 uectus
663 3919 740 3990 est,
785 3903 824 3977 bt
848 3920 930 4000 tum
957 3907 1109 4001 quidem
1138 3906 1311 3976 bomines
1339 3933 1386 3978 ex
1415 3911 1580 3982 diversis
1604 3913 1736 4006 regio·
1890 3917 1893 3924 '

124 4044 241 4117 nibus
284 4043 551 4112 convenientes
597 4051 661 4106 sat
696 4039 830 4130 magni
866 4036 1048 4108 momenti
1086 4039 1243 4130 negotia
1283 4062 1322 4108 se
1357 4044 1554 4136 peregisse
1592 4043 1736 4114 reban-

124 4190 207 4263 tur,
235 4175 269 4242 si
292 4173 452 4266 juvenis
470 4169 753 4263 praestontium
772 4167 920 4257 sormae
946 4167 1143 4236 admirari
1170 4167 1427 4261 contingeret,
1464 4175 1605 4245 similis
1640 4199 1737 4269 qoo-

124 4332 198 4404 qve
212 4307 301 4374 ero't
321 4306 445 4374 Olaoo
469 4323 667 4371 armorum
690 4311 805 4394 atqve
825 4298 1134 4368 vestimentorum
1160 4298 1367 4391 splendor,
1403 4303 1557 4400 ideoqve
1575 4307 1615 4376 in
1632 4307 1715 4375 mul
1722 4346 1739 4360 -

107 4437 299 4506 titudine
325 4436 523 4506 bominum
546 4431 677 4524 facile
709 4427 947 4502 noscebatur.
1026 4431 1125 4500 Post
1161 4431 1372 4508 adventum
1405 4437 1541 4522 Olavi,
1591 4435 1738 4506 Tbordi

128 4569 279 4638 Goddii
295 4567 465 4638 conditio
481 4566 646 4636 multum
673 4565 713 4632 in
737 4563 874 4633 melius
890 4559 1130 4630 mutabatur.
1190 4561 1514 4658 Hbslculdusfilio
1532 4591 1737 4659 cognomen

129 4697 280 4770 indidit
298 4713 412 4794 atqve
429 4698 583 4770 vocavit
607 4696 717 4764 illum
734 4697 794 4766 Pa
812 4689 855 4790 (i.
873 4717 901 4763 e.
915 4686 1173 4788 pavonem&
1196 4693 1238 4763 id
1250 4694 1399 4790 pridem
1409 4699 1570 4769 retinuit
1589 4717 1735 4770 nomen,
