4282 5714
864 479 1111 596 ..ἐζ

158 725 232 795 elus
263 723 379 819 filius
416 724 629 796 Dalakolli
671 737 759 795 erat
801 724 931 796 adliuc
981 725 1207 796 adolescens
1255 713 1354 816 cum⁴⁴¹
1384 739 1507 822 pater
1550 741 1778 816 moreretur,

156 859 353 928 maturior
405 871 535 928 tamen
587 859 741 953 ingenio
794 882 910 954 qvam
961 857 1089 927 annis.
1182 857 1385 930 Hoskulus
1457 872 1545 928 erat
1595 862 1658 932 vir
1710 889 1779 933 re·
1893 935 1900 950 ,

156 1003 296 1062 nustus
330 1003 571 1086 augustoque
609 991 787 1087 corporis
822 990 985 1083 trabitu3
1048 991 1117 1062 ille
1151 992 1441 1086 patrimonium
1474 1019 1586 1063 suum
1629 1018 1779 1090 remqre

144 1117 402 1216 familiarem
427 1123 662 1218 capessivit3
689 1126 802 1224 idque
819 1125 1039 1220 proedium,
1070 1123 1136 1195 ubi
1149 1126 1309 1196 Kollius
1333 1124 1609 1210 habitaverat,
1637 1125 1778 1196 abillo

158 1257 344 1326 trahebat
369 1279 524 1343 nomen,
560 1259 809 1355 quippeqvotl
838 1256 1154 1328 Hoslculdstadir
1185 1259 1324 1330 deinde
1342 1258 1622 1328 nominaretur.
1687 1259 1780 1328 Ht-

156 1391 319 1460 skuldus
350 1389 391 1460 in
413 1392 579 1484 negotiis
606 1393 826 1464 domesticis
848 1391 1061 1462 multorum
1095 1393 1274 1463 amicitia
1302 1390 1505 1484 utebatur,
1548 1392 1692 1486 quippe
1717 1392 1781 1488 qvi

155 1523 292 1594 multis
320 1522 576 1594 columinibus
593 1525 651 1594 rei
673 1525 922 1628 familiaris,
957 1537 1039 1595 tam
1057 1527 1235 1620 cognatis
1254 1551 1368 1622 qvam
1391 1503 1549 1613 amicis,
1577 1527 1779 1611 niteretur,

156 1681 248 1754 qvos
258 1669 382 1750 pater
396 1657 540 1728 Kollus
562 1659 637 1728 sibi
662 1661 921 1756 adjunxerat,
952 1659 1179 1755 leorgerda
1197 1683 1286 1732 vero
1310 1657 1661 1752 leorsteinisfilia,
1688 1683 1779 1728 ma-

157 1802 215 1860 ter
235 1791 455 1880 Hb'slculdi,
489 1804 608 1863 oetate
624 1795 715 1889 jam
732 1794 917 1888 florenti,
942 1793 1157 1892 formaque
1182 1792 1476 1882 venustissima,
1506 1805 1793 1894 postmortem
1869 1875 1874 1884 ¹

153 1923 266 2002 Kolli
286 1924 479 1993 Islandioe
489 1897 687 2018 peitoesa,
714 1925 1013 2020 Htskutuifitio
1028 1927 1181 2020 aperit,
1216 1929 1315 1999 velle
1344 1951 1384 1995 se
1402 1949 1566 2019 peregre
1580 1925 1779 2020 proficisci

154 2079 241 2125 cum
261 2054 411 2148 opibus,
435 2077 531 2150 qvas
550 2059 693 2126 sortita
700 2059 870 2149 fuisset5
896 2059 1125 2129 Hiiskuldus
1145 2061 1217 2128 lzoc
1236 2060 1407 2154 quidem,
1433 2058 1493 2126 uti
1519 2060 1603 2126 alia
1612 2110 1625 2146 ,
1652 2059 1779 2150 ipsius

153 2189 288 2259 animo
303 2187 626 2283 gratificaturum
644 2215 684 2260 se
699 2189 921 2284 profitetur,
945 2191 1121 2286 quamvis
1134 2190 1352 2282 plurimum
1367 2165 1516 2259 doloris
1533 2192 1614 2283 ejus
1630 2192 1778 2260 disces-

154 2347 221 2394 sus
242 2317 506 2417 sibiafferret.
557 2321 676 2394 Emta
700 2322 839 2392 deiude
865 2322 961 2394 nari
980 2321 1169 2407 dimidia,
1200 2345 1284 2418 φνας
1302 2321 1604 2416 D'sigurdarnesi
1632 2323 1779 2392 statio-

153 2465 242 2529 nem
266 2453 438 2546 tenelmt,
477 2455 704 2552 Thorger'da
728 2457 884 2552 magnis
906 2481 992 2528 cum
1014 2455 1153 2552 opibus
1176 2456 1232 2526 ad
1257 2479 1396 2530 narem
1420 2481 1460 2526 se
1479 2453 1629 2546 confert
1638 2481 1652 2548 ,·
1681 2469 1777 2550 post

154 2592 284 2662 altum
309 2590 434 2685 petit,
481 2589 675 2686 felicique
698 2613 771 2660 usa
793 2591 1050 2686 navigatione
1076 2590 1211 2664 navim
1235 2591 1291 2660 ad
1316 2589 1570 2698 Narragiam'
1592 2590 1776 2685 appellit.

159 2725 387 2820 Tltorgerda
402 2723 614 2815 familiam
645 2749 833 2820 magnam
853 2703 1070 2821 multosque
1096 2725 1243 2795 nobiles
1274 2737 1461 2822 cognatos
1493 2723 1534 2793 in
1568 2723 1775 2817 Norvagia

153 2859 314 2948 habuit,
335 2858 399 2954 qvi
414 2845 500 2932 eam
518 2859 678 2930 comiter
698 2859 934 2953 excipientes
950 2861 1096 2955 qvaevis
1116 2857 1330 2954 offerebant
1335 2913 1349 2950 ,
1385 2882 1471 2956 quoe
1493 2857 1543 2927 ab
1573 2857 1673 2952 ipsis
1691 2857 1776 2930 rel-

153 2995 207 3066 let
225 2993 413 3087 accipere.
482 2991 731 3088 leorgerda,
763 2991 848 3089 qrae
866 2989 1149 3088 offerebantur,
1179 3005 1299 3088 grato
1316 2991 1449 3064 animo
1465 2991 1638 3085 accepit,
1690 2991 1777 3060 ait-

154 3153 244 3225 qve,
288 3123 362 3196 sibi
391 3151 471 3198 esse
487 3126 689 3197 inanimo
727 3123 782 3195 ibi
806 3123 936 3218 fixam
956 3129 1082 3198 sedem
1107 3127 1260 3222 eligere.
1329 3122 1555 3220 Tltorgerda
1592 3147 1669 3193 non
1706 3122 1777 3192 diu

153 3263 277 3338 vidua
303 3271 409 3346 erat,
448 3271 659 3351 antequam
690 3258 753 3329 vir
779 3259 937 3352 qnidam
961 3281 1048 3354 eam
1062 3259 1228 3328 ambiret
1244 3258 1400 3328 nomine
1413 3257 1633 3346 Herjolfus‚
1662 3256 1809 3324 lzomo.
1916 3245 1945 3289 ·’

153 3393 353 3490 dignitate
380 3389 582 3484 proesecti,
620 3389 825 3481 opulentia
851 3399 890 3456 et
907 3386 1009 3468 bona
1035 3389 1323 3460 existimatione
1346 3389 1490 3458 clarus.
1517 3447 1520 3454 ,
1543 3387 1585 3456 Is
1613 3410 1776 3482 corpore

154 3540 242 3602 erat
251 3547 419 3622 procero
435 3535 551 3616 atqve
570 3519 743 3608 robusto,
763 3529 927 3618 aspectu
945 3544 1023 3590 non
1033 3520 1216 3614 pulchro,
1232 3544 1363 3592 rerum
1380 3519 1493 3588 vultu
1511 3519 1623 3590 virili
1639 3522 1775 3616 digni-

156 3675 238 3734 tate
261 3681 378 3756 quam
397 3657 566 3725 maxime
593 3654 825 3749 conspicu05
865 3650 1016 3745 peritia
1042 3677 1243 3724 armorum
1266 3651 1465 3749 plurimos
1497 3652 1671 3722 homines
1695 3680 1774 3725 an-

155 3793 367 3870 tecellebat.
435 3789 690 3883 leorgerdoe,
718 3809 805 3856 cum
830 3785 878 3856 cle
902 3783 1045 3891 ltacre
1060 3800 1255 3882 ageretur,
1283 3795 1419 3882 utpote
1435 3786 1576 3874 vidum,
1601 3801 1692 3884 erat
1707 3813 1773 3860 re·

152 3951 342 4030 sponsum
377 3925 494 4010 dare,
546 3933 662 4016 atqve
691 3919 881 3992 consultis
911 3921 1090 4016 cognatis
1124 3922 1384 3992 conditionem
1411 3944 1490 3992 non
1527 3919 1773 4016 detrectavit,

155 4065 255 4137 inito
275 4061 408 4153 itaque
426 4079 511 4124 cum
527 4053 714 4146 Herjolfo
729 4054 1000 4145 matrimonio,
1042 4079 1127 4124 cum
1148 4081 1190 4128 eo
1207 4057 1362 4126 domum
1374 4055 1576 4149 profecta,
1605 4081 1684 4128 rem
1693 4059 1775 4152 fa-

154 4197 354 4270 miliarem
378 4189 568 4284 capessit,
603 4199 760 4258 mutuus
775 4209 889 4256 amor
907 4187 1009 4259 inter
1027 4213 1090 4260 eos
1113 4189 1303 4280 incaluit,·
1345 4189 1571 4284 Tltorgerda
1595 4217 1684 4262 mox
1699 4219 1772 4295 ge-

156 4351 306 4404 nerosoe
339 4323 483 4396 indolis
511 4325 741 4396 documenta
767 4320 938 4406 exhibet5
984 4322 1155 4419 Herjolfi
1187 4301 1277 4397 aero
1302 4323 1474 4395 conditio
1506 4327 1630 4397 multo
1657 4353 1772 4422 qvam

155 4479 273 4537 antea
284 4455 830 4556 melioratqvenoliliorrisa,
849 4480 935 4527 cum
946 4459 1064 4530 talem
1082 4471 1223 4532 nactus
1238 4471 1336 4532 esset
1351 4451 1519 4552 uxorem,
1537 4462 1666 4557 qvalis
1682 4476 1771 4533 erat

160 4596 398 4692 Tltorgercla.
