4256 5730
833 525 1055 648 Q

129 799 197 871 ego
215 798 302 846 vero
318 797 366 846 ne
384 787 621 868 segmentum
645 774 794 872 quidem
812 772 985 864 cubitale
1008 773 1095 846 illis
1113 775 1289 858 demam,
1324 798 1393 844 nec
1414 731 1514 846 inibi
1530 799 1657 872 opera
1680 803 1751 850 uec

127 881 247 982 robur
264 908 387 980 deerit
403 911 460 978 ad
475 909 561 978 alia
576 909 687 1006 ligna
705 909 989 1004 comparanda.
1046 910 1153 982 uun
1168 908 1372 1003 respondit
1387 921 1503 980 rexet
1518 912 1646 982 multa
1663 913 1753 1008 qvi-

125 1045 307 1114 demeum
322 1040 535 1112 modestia:
563 1054 605 1112 tu
624 1065 725 1128 vera,
740 1041 965 1114 Tltarkelle!
992 1043 1054 1114 vir
1066 1042 1202 1137 magni
1219 1064 1315 1111 sane
1334 1041 1604 1131 aestimandus,
1620 1069 1752 1118 oerum

122 1173 259 1268 &jara
275 1175 420 1247 videris
436 1175 715 1246 animinimius
724 1202 738 1268 ,·
772 1169 884 1248 baud
892 1175 994 1246 enim
1009 1175 1138 1246 coloni
1138 1175 1254 1270 filius
1264 1174 1367 1244 citra
1383 1178 1661 1270 arrogantiam
1678 1203 1753 1250 na-

122 1309 272 1383 biscum
291 1309 520 1380 contendere
533 1321 667 1403 potest
673 1334 688 1400 ,·
704 1311 747 1382 id
753 1324 885 1382 autem
901 1308 1013 1379 baud
1031 1334 1162 1382 oerum
1178 1319 1247 1395 est,
1273 1331 1333 1377 me
1353 1306 1424 1378 tibi
1442 1309 1553 1404 ligna
1569 1311 1751 1399 invidere,

122 1444 158 1516 si
172 1441 246 1514 tibi
254 1467 300 1514 ex
317 1442 453 1514 iisdem
465 1443 652 1538 templum
665 1443 861 1536 aedificare
872 1443 1112 1538 contingeret
1118 1469 1132 1534 ,·
1147 1465 1342 1538 nunqvam
1352 1465 1440 1514 vero
1449 1441 1554 1514 illud
1563 1445 1751 1540 templum

122 1577 292 1650 erittarn
306 1579 497 1672 ampliori,
521 1589 566 1646 ut
582 1589 653 1646 tua
668 1601 712 1648 ea
729 1575 915 1673 superbia
933 1575 1291 1671 comprehendatur
1298 1600 1313 1666 ,-
1345 1577 1402 1646 ad
1408 1601 1534 1648 meam
1555 1601 1645 1650 vero
1656 1579 1755 1673 opi-¹

120 1711 277 1786 aionem
287 1711 459 1806 propius
474 1713 647 1802 accedit,
673 1711 813 1784 Icarum
831 1711 1028 1807 lignorum
1045 1709 1157 1783 baud
1172 1709 1339 1782 multum
1358 1711 1594 1802 usumsore,
1629 1723 1751 1786 necte

118 1845 337 1938 burrianum
359 1844 541 1940 qeicqoid
563 1867 664 1940 opus
680 1843 771 1914 inde
794 1845 1071 1937 confecturum.
1119 1842 1304 1914 Postboec
1319 1843 1507 1939 colloquio
1525 1842 1641 1936 finito
1660 1845 1749 1916 dis-

119 2003 279 2052 cessere.
328 1977 484 2050 Deinde
502 2001 570 2048 rea
586 1977 685 2048 abiit
705 1973 743 2048 8<
759 1991 998 2074 compertum
1014 1975 1163 2074 quidem
1181 1987 1258 2063 est,
1291 1999 1378 2046 eum
1396 1976 1508 2046 baud
1532 2000 1628 2048 sane
1640 2000 1746 2072 pro·-
1835 2013 1842 2022 ·

117 2115 255 2200 basse,
281 2110 382 2208 qvod
403 2109 437 2179 Τ
434 2109 634 2180 berbellus
657 2111 862 2207 aeJ'usjussa
878 2111 1029 2182 nullius
1042 2109 1243 2203 penderet,
1271 2107 1346 2177 etsi
1362 2129 1430 2177 rex
1444 2105 1556 2178 ltaud
1578 2112 1747 2181 multum

119 2217 244 2318 talem
253 2242 441 2315 revelavit
456 2243 650 2314 oninium.
697 2245 796 2316 Inde
813 2245 939 2321 multo
961 2268 1048 2314 cum
1065 2225 1202 2312 autore
1229 2240 1449 2313 discessere.
1515 2241 1550 2311 Τ
1546 2239 1748 2314 borkellus

115 2377 253 2452 navim
268 2377 503 2466 conscendit,
519 2377 604 2449 vela
623 2379 732 2448 dedit
749 2379 790 2449 in
805 2380 944 2468 altum,
957 2377 1193 2472 secundaque
1209 2393 1301 2444 usus
1319 2385 1432 2446 venta
1442 2371 1546 2446 brevi
1562 2375 1638 2446 iter
1643 2397 1745 2471 per-

104 2513 227 2608 jecit.
284 2510 515 2582 Tborlellue
531 2511 625 2583 navi
639 2510 945 2603 Hrutafibrdum
960 2497 1151 2602 intrabit5
1178 2507 1271 2598 inde
1283 2507 1445 2578 domum
1462 2507 1739 2603 Helgajellum

108 2643 392 2744 eqvoaebitor.
418 2645 558 2714 Omnes
568 2645 861 2716 illiueadventu
876 2645 1009 2716 taraci
1022 2656 1125 2716 sunt.
1155 2641 1332 2716 Multum
1345 2631 1656 2714 Tuertetnistzoc
1673 2643 1745 2716 iti·-

114 2777 301 2856 neresibi
313 2788 484 2846 auxerat
497 2778 682 2872 gloriam.
737 2779 885 2852 Navim
912 2779 1054 2852 deinde
1075 2775 1231 2850 curavit
1251 2771 1541 2854 subducendam
1560 2787 1677 2872 atqve
1699 2773 1744 2852 ia
1813 2863 1817 2868 Ι

116 2929 249 2989 totum
275 2912 549 3002 redigendam,
584 2913 787 3006 lignaqve,
822 2937 903 3006 qva
925 2913 1063 3008 templi
1101 2909 1359 3002 <edificationi
1386 2918 1503 2978 erant
1529 2909 1744 2990 destinata,

117 3045 391 3123 custodienda.
436 3037 665 3110 Tliorkellas
683 3043 760 3111 bac
770 3041 1218 3137 byemedomiremansit
1219 3039 1471 3130 familiarem
1485 3061 1630 3108 curans
1651 3063 1743 3111 rem.

114 3179 248 3257 Multi
266 3175 378 3270 apud
393 3197 476 3242 eunt
494 3175 630 3267 degere
646 3175 843 3244 mortales.
886 3173 1029 3243 Omnia
1049 3199 1095 3246 ea
1113 3175 1250 3270 hyeme
1265 3167 1470 3264 magnifice
1489 3169 1744 3244 instrueban-

116 3332 202 3403 tur,
229 3312 423 3383 Gudruaa
450 3307 561 3374 baud
581 3308 840 3390 adversante,
880 3329 1013 3376 rerum
1035 3331 1120 3377 eum
1151 3329 1231 3378 esse
1250 3302 1433 3398 pecuniae
1460 3325 1592 3390 asum,
1625 3306 1747 3374 atad

112 3447 297 3524 homines
317 3441 493 3512 illustres
517 3441 734 3510 reddendas
756 3437 1009 3510 adhiberetur
1035 3437 1315 3532 confirmante3
1357 3457 1451 3504 narn
1475 3433 1561 3502 illae
1583 3447 1746 3528 paratae

107 3601 274 3676 semper
292 3576 439 3672 qvidem
454 3549 568 3646 erant
584 3599 664 3662 ree,
697 3601 779 3671 qvce
803 3601 829 3645 a
846 3575 1043 3646 Gudruna
1066 3575 1122 3644 ad
1144 3583 1296 3642 curatus
1314 3565 1652 3662 magnificentiam
1679 3587 1745 3640 re·

113 3711 387 3818 qoirebantur.
440 3711 501 3780 Ea
518 3710 652 3806 hyeme
675 3709 903 3782 Tborlellus
922 3709 1071 3786 multas
1088 3731 1149 3779 res
1162 3703 1382 3802 pretiosas,
1408 3727 1502 3800 quas
1519 3725 1646 3774 secum
1662 3705 1747 3774 ad-

116 3857 295 3934 vexerat,
319 3844 457 3915 amicis
473 3845 553 3916 suis
572 3844 795 3939 irnpertitus
810 3855 879 3916 est.

750 4082 882 4170 CAP.
931 4083 1121 4171 LXXV.

323 4205 436 4312 Post
452 4241 569 4339 hujus
593 4243 742 4337 hyemis
775 4245 929 4336 jalense
947 4234 1121 4340 sestum',
1162 4236 1395 4313 norbertus
1418 4217 1748 4330 domoffrrraswtus
1802 4201 1808 4212 Ι

112 4377 303 4465 ‚borealia
341 4402 472 4448 versus
506 4379 547 4447 iu
578 4377 912 4470 Hrutafiiirdura,
945 4393 990 4451 ut
1019 4379 1110 4451 inde
1133 4401 1207 4448 aaa
1235 4381 1475 4468 apportaret
1509 4371 1645 4464 ligna5
1691 4371 1748 4442 ad

115 4515 318 4590 interiora
339 4513 540 4584 Dolorum
566 4535 661 4605 aqva
687 4514 864 4606 primum
891 4515 1066 4602 rebitur,
1089 4513 1181 4584 inde
1204 4508 1444 4601 Liarsbogos
1459 4505 1749 4597 ad'cognatam

106 4671 239 4726 ,suum
259 4647 552 4730 Tlcorsteinam,
587 4645 718 4716 utsibi
733 4647 908 4720 homines
930 4673 979 4720 ac
995 4673 1106 4744 equas
1122 4653 1385 4740 compararet.
1449 4639 1550 4710 Inde
1571 4634 1747 4710 borealia
1811 4631 1816 4634 ’

118 4804 263 4860 versus
281 4781 336 4848 ad
351 4777 654 4871 Hrutasi'cirdum
672 4751 876 4878 trepergit
895 4779 933 4854 &
950 4784 1196 4878 aliquantum
1212 4774 1399 4873 ternparie
1423 4770 1478 4840 ibi
1489 4760 1667 4838 moratus
1679 4779 1767 4854 est,·

106 4923 308 5018 saturum
324 4912 399 4984 iter
425 4889 633 4985 instruens.
659 4912 722 4987 Ibi
732 4917 926 5016 iapagaa
945 4918 1034 4990 sinu
1050 4915 1423 5007 denoraiaata'eqvas
1434 4901 1749 4997 collegig.ualuit
