<?xml version="1.0" encoding="UTF-8"?>
<!DOCTYPE html PUBLIC "-//W3C//DTD XHTML 1.0 Transitional//EN"
    "http://www.w3.org/TR/xhtml1/DTD/xhtml1-transitional.dtd">
<html xmlns="http://www.w3.org/1999/xhtml" xml:lang="en" lang="en">
 <head>
  <title>
</title>
<meta http-equiv="Content-Type" content="text/html;charset=utf-8" />
  <meta name='ocr-system' content='tesseract 3.04.00' />
  <meta name='ocr-capabilities' content='ocr_page ocr_carea ocr_par ocr_line ocrx_word'/>
</head>
<body>
  <div class='ocr_page' id='page_1' title='image "./laxdlasagasiveh01stifgoog_0322.png"; bbox 0 0 4256 5730; ppageno 0'>
   <div class='ocr_carea' id='block_1_1' title="bbox 820 503 1116 624">
    <p class='ocr_par' dir='ltr' id='par_1_1' title="bbox 820 503 1116 624">
     <span class='ocr_line' id='line_1_1' title="bbox 820 503 1116 624; baseline 0.034 -10"><span class='ocrx_word' id='word_1_1' title='bbox 820 503 1033 614; x_wconf 56' lang='lat' dir='ltr'><strong><em>...ess-</em></strong></span> <span class='ocrx_word' id='word_1_2' title='bbox 1114 621 1116 624; x_wconf 79' lang='grc'>,</span> 
     </span>
    </p>
   </div>
   <div class='ocr_carea' id='block_1_2' title="bbox 76 741 1820 4770">
    <p class='ocr_par' dir='ltr' id='par_1_2' title="bbox 76 741 1820 4770">
     <span class='ocr_line' id='line_1_2' title="bbox 122 741 1725 848; baseline -0.002 -24"><span class='ocrx_word' id='word_1_3' title='bbox 122 747 366 846; x_wconf 82' lang='lat' dir='ltr'><strong><em>amqvefecr’t</em></strong></span> <span class='ocrx_word' id='word_1_4' title='bbox 382 772 421 820; x_wconf 90' lang='lat' dir='ltr'><strong><em>se</em></strong></span> <span class='ocrx_word' id='word_1_5' title='bbox 442 747 644 842; x_wconf 24' lang='lat' dir='ltr'><strong><em>lignanpra</em></strong></span> <span class='ocrx_word' id='word_1_6' title='bbox 670 745 814 840; x_wconf 79' lang='lat' dir='ltr'><strong><em>templo</em></strong></span> <span class='ocrx_word' id='word_1_7' title='bbox 831 741 1210 848; x_wconf 21' lang='lat' dir='ltr'><strong><em>aedificando-ipsum</em></strong></span> <span class='ocrx_word' id='word_1_8' title='bbox 1236 743 1536 838; x_wconf 79' lang='lat' dir='ltr'><strong><em>adqvisiturum.</em></strong></span> <span class='ocrx_word' id='word_1_9' title='bbox 1596 748 1725 820; x_wconf 84' lang='lat' dir='ltr'><strong><em>Tbor-</em></strong></span> 
     </span>
     <span class='ocr_line' id='line_1_3' title="bbox 124 847 1739 974; baseline 0 -22"><span class='ocrx_word' id='word_1_10' title='bbox 124 884 224 954; x_wconf 83' lang='lat' dir='ltr'><strong><em>bello</em></strong></span> <span class='ocrx_word' id='word_1_11' title='bbox 241 905 289 952; x_wconf 90' lang='lat' dir='ltr'><strong><em>ac</em></strong></span> <span class='ocrx_word' id='word_1_12' title='bbox 307 881 509 952; x_wconf 83' lang='lat' dir='ltr'><strong><em>Gudrunoe</em></strong></span> <span class='ocrx_word' id='word_1_13' title='bbox 521 877 731 969; x_wconf 84' lang='lat' dir='ltr'><strong><em>filiusfuit</em></strong></span> <span class='ocrx_word' id='word_1_14' title='bbox 750 877 929 948; x_wconf 84' lang='lat' dir='ltr'><strong><em>GeIIerus</em></strong></span> <span class='ocrx_word' id='word_1_15' title='bbox 941 874 1111 965; x_wconf 87' lang='lat' dir='ltr'><strong><em>nomine,</em></strong></span> <span class='ocrx_word' id='word_1_16' title='bbox 1135 847 1238 949; x_wconf 82' lang='lat' dir='ltr'><strong><em>brevi</em></strong></span> <span class='ocrx_word' id='word_1_17' title='bbox 1253 877 1442 970; x_wconf 82' lang='lat' dir='ltr'><em>optimam</em></span> <span class='ocrx_word' id='word_1_18' title='bbox 1458 879 1519 947; x_wconf 86' lang='lat' dir='ltr'><strong><em>sui</em></strong></span> <span class='ocrx_word' id='word_1_19' title='bbox 1533 904 1644 974; x_wconf 84' lang='lat' dir='ltr'><strong><em>spem</em></strong></span> <span class='ocrx_word' id='word_1_20' title='bbox 1661 857 1739 952; x_wconf 34' lang='lat' dir='ltr'><strong><em>exss&#39;</em></strong></span> 
     </span>
     <span class='ocr_line' id='line_1_4' title="bbox 121 989 1728 1103; baseline -0.001 -17"><span class='ocrx_word' id='word_1_21' title='bbox 121 1013 268 1086; x_wconf 71' lang='lat' dir='ltr'><strong><em>ascens.</em></strong></span> <span class='ocrx_word' id='word_1_22' title='bbox 320 1011 491 1096; x_wconf 68' lang='lat' dir='ltr'><strong><em>uotum,</em></strong></span> <span class='ocrx_word' id='word_1_23' title='bbox 505 1007 844 1102; x_wconf 70' lang='lat' dir='ltr'><strong><em>nortufirsus,per</em></strong></span> <span class='ocrx_word' id='word_1_24' title='bbox 863 1008 963 1080; x_wconf 65' lang='lat' dir='ltr'><strong><em>aas</em></strong></span> <span class='ocrx_word' id='word_1_25' title='bbox 977 989 1728 1103; x_wconf 62' lang='lat' dir='ltr'><strong><em>rangaescuagafeuscommoramur,</em></strong></span> 
     </span>
     <span class='ocr_line' id='line_1_5' title="bbox 76 1137 1731 1240; baseline 0 -26"><span class='ocrx_word' id='word_1_26' title='bbox 76 1167 80 1173; x_wconf 88' lang='lat'>·</span> <span class='ocrx_word' id='word_1_27' title='bbox 115 1142 465 1239; x_wconf 82' lang='lat' dir='ltr'><strong><em>fuitqveSnorroni</em></strong></span> <span class='ocrx_word' id='word_1_28' title='bbox 480 1140 773 1235; x_wconf 84' lang='lat' dir='ltr'><strong><em>acceptissimus</em></strong></span> <span class='ocrx_word' id='word_1_29' title='bbox 779 1163 795 1230; x_wconf 89' lang='lat'><strong><em>‚·</em></strong></span> <span class='ocrx_word' id='word_1_30' title='bbox 825 1137 1051 1240; x_wconf 82' lang='lat' dir='ltr'><strong><em>Tborleikus</em></strong></span> <span class='ocrx_word' id='word_1_31' title='bbox 1069 1152 1210 1226; x_wconf 86' lang='lat' dir='ltr'><strong><em>autem,</em></strong></span> <span class='ocrx_word' id='word_1_32' title='bbox 1227 1139 1483 1232; x_wconf 81' lang='lat' dir='ltr'><strong><em>Bolliistlius,</em></strong></span> <span class='ocrx_word' id='word_1_33' title='bbox 1509 1142 1731 1238; x_wconf 80' lang='lat' dir='ltr'><strong><em>Helgafellt&#39;</em></strong></span> 
     </span>
     <span class='ocr_line' id='line_1_6' title="bbox 118 1271 1730 1376; baseline 0.002 -30"><span class='ocrx_word' id='word_1_34' title='bbox 118 1274 362 1348; x_wconf 81' lang='lat' dir='ltr'><strong><em>morabatur.</em></strong></span> <span class='ocrx_word' id='word_1_35' title='bbox 423 1276 582 1368; x_wconf 86' lang='lat' dir='ltr'><strong><em>Uterqve</em></strong></span> <span class='ocrx_word' id='word_1_36' title='bbox 597 1273 782 1364; x_wconf 81' lang='lat' dir='ltr'><strong><em>fratrum</em></strong></span> <span class='ocrx_word' id='word_1_37' title='bbox 802 1292 956 1376; x_wconf 78' lang='lat' dir='ltr'><strong><em>magnas</em></strong></span> <span class='ocrx_word' id='word_1_38' title='bbox 981 1280 1148 1340; x_wconf 82' lang='lat' dir='ltr'><strong><em>staturae</em></strong></span> <span class='ocrx_word' id='word_1_39' title='bbox 1167 1271 1279 1360; x_wconf 81' lang='lat' dir='ltr'><strong><em>bomo</em></strong></span> <span class='ocrx_word' id='word_1_40' title='bbox 1297 1297 1345 1342; x_wconf 87' lang='lat' dir='ltr'><strong><em>aa</em></strong></span> <span class='ocrx_word' id='word_1_41' title='bbox 1364 1285 1566 1365; x_wconf 40' lang='lat' dir='ltr'><strong><em>strenuum</em></strong></span> <span class='ocrx_word' id='word_1_42' title='bbox 1600 1287 1730 1350; x_wconf 80' lang='lat' dir='ltr'><strong><em>tantan</em></strong></span> 
     </span>
     <span class='ocr_line' id='line_1_7' title="bbox 117 1392 1729 1500; baseline -0.003 -18"><span class='ocrx_word' id='word_1_43' title='bbox 117 1408 280 1482; x_wconf 82' lang='lat' dir='ltr'><strong><em>Bellias</em></strong></span> <span class='ocrx_word' id='word_1_44' title='bbox 290 1392 790 1500; x_wconf 73' lang='lat' dir='ltr'><strong><em>inantnibusproestantior.</em></strong></span> <span class='ocrx_word' id='word_1_45' title='bbox 814 1400 1468 1500; x_wconf 80' lang='lat' dir='ltr'><strong><em>Tborkellusprivignosadmodum</em></strong></span> <span class='ocrx_word' id='word_1_46' title='bbox 1482 1407 1603 1474; x_wconf 84' lang='lat' dir='ltr'><strong><em>amice</em></strong></span> <span class='ocrx_word' id='word_1_47' title='bbox 1616 1418 1729 1477; x_wconf 83' lang='lat' dir='ltr'><strong><em>trac-</em></strong></span> 
     </span>
     <span class='ocr_line' id='line_1_8' title="bbox 119 1534 1729 1632; baseline -0.002 -20"><span class='ocrx_word' id='word_1_48' title='bbox 119 1540 233 1612; x_wconf 82' lang='lat' dir='ltr'><strong><em>tavit.</em></strong></span> <span class='ocrx_word' id='word_1_49' title='bbox 283 1537 545 1632; x_wconf 82' lang='lat' dir='ltr'><strong><em>IamBoIIius</em></strong></span> <span class='ocrx_word' id='word_1_50' title='bbox 561 1537 670 1608; x_wconf 91' lang='lat' dir='ltr'><strong><em>XVI</em></strong></span> <span class='ocrx_word' id='word_1_51' title='bbox 684 1545 772 1605; x_wconf 84' lang='lat' dir='ltr'><strong><em>erat</em></strong></span> <span class='ocrx_word' id='word_1_52' title='bbox 796 1557 922 1606; x_wconf 88' lang='lat' dir='ltr'><strong><em>annos</em></strong></span> <span class='ocrx_word' id='word_1_53' title='bbox 941 1543 1071 1622; x_wconf 88' lang='lat' dir='ltr'><strong><em>natus,</em></strong></span> <span class='ocrx_word' id='word_1_54' title='bbox 1102 1534 1329 1607; x_wconf 83' lang='lat' dir='ltr'><strong><em>Tborleikus</em></strong></span> <span class='ocrx_word' id='word_1_55' title='bbox 1348 1550 1478 1608; x_wconf 86' lang='lat' dir='ltr'><strong><em>autem</em></strong></span> <span class='ocrx_word' id='word_1_56' title='bbox 1495 1541 1586 1610; x_wconf 88' lang='lat' dir='ltr'><strong><em>XX.</em></strong></span> <span class='ocrx_word' id='word_1_57' title='bbox 1624 1539 1729 1610; x_wconf 86' lang='lat' dir='ltr'><strong><em>Tunc</em></strong></span> 
     </span>
     <span class='ocr_line' id='line_1_9' title="bbox 123 1663 1729 1762; baseline -0.005 -18"><span class='ocrx_word' id='word_1_58' title='bbox 123 1671 352 1744; x_wconf 77' lang='lat' dir='ltr'><strong><em>Iborleibus</em></strong></span> <span class='ocrx_word' id='word_1_59' title='bbox 369 1669 470 1740; x_wconf 79' lang='lat' dir='ltr'><strong><em>dixit</em></strong></span> <span class='ocrx_word' id='word_1_60' title='bbox 484 1668 618 1758; x_wconf 80' lang='lat' dir='ltr'><strong><em>matri,</em></strong></span> <span class='ocrx_word' id='word_1_61' title='bbox 638 1693 684 1756; x_wconf 82' lang='lat' dir='ltr'><strong><em>¹se</em></strong></span> <span class='ocrx_word' id='word_1_62' title='bbox 694 1689 860 1762; x_wconf 82' lang='lat' dir='ltr'><strong><em>peregre</em></strong></span> <span class='ocrx_word' id='word_1_63' title='bbox 875 1663 1074 1760; x_wconf 84' lang='lat' dir='ltr'><strong><em>proficisci</em></strong></span> <span class='ocrx_word' id='word_1_64' title='bbox 1091 1666 1212 1755; x_wconf 86' lang='lat' dir='ltr'><strong><em>velle‚·</em></strong></span> <span class='ocrx_word' id='word_1_65' title='bbox 1239 1690 1331 1738; x_wconf 90' lang='lat' dir='ltr'><strong><em>nam</em></strong></span> <span class='ocrx_word' id='word_1_66' title='bbox 1344 1681 1569 1762; x_wconf 82' lang='lat' dir='ltr'><strong><em>pertoesum,</em></strong></span> <span class='ocrx_word' id='word_1_67' title='bbox 1594 1667 1729 1762; x_wconf 69' lang='lat' dir='ltr'><strong><em>inavit,</em></strong></span> 
     </span>
     <span class='ocr_line' id='line_1_10' title="bbox 118 1798 1728 1906; baseline -0.004 -32"><span class='ocrx_word' id='word_1_68' title='bbox 118 1803 217 1874; x_wconf 79' lang='lat' dir='ltr'><strong><em>mibi</em></strong></span> <span class='ocrx_word' id='word_1_69' title='bbox 241 1815 298 1872; x_wconf 85' lang='lat' dir='ltr'><strong><em>est</em></strong></span> <span class='ocrx_word' id='word_1_70' title='bbox 321 1802 527 1906; x_wconf 78' lang='lat' dir='ltr'><strong><em>mulierum</em></strong></span> <span class='ocrx_word' id='word_1_71' title='bbox 546 1822 653 1870; x_wconf 88' lang='lat' dir='ltr'><strong><em>mare</em></strong></span> <span class='ocrx_word' id='word_1_72' title='bbox 676 1799 781 1888; x_wconf 80' lang='lat' dir='ltr'><strong><em>domi</em></strong></span> <span class='ocrx_word' id='word_1_73' title='bbox 805 1819 1013 1888; x_wconf 79' lang='lat' dir='ltr'><strong><em>remanere.</em></strong></span> <span class='ocrx_word' id='word_1_74' title='bbox 1095 1798 1246 1892; x_wconf 83' lang='lat' dir='ltr'><strong><em>Vellem</em></strong></span> <span class='ocrx_word' id='word_1_75' title='bbox 1276 1798 1374 1868; x_wconf 86' lang='lat' dir='ltr'><strong><em>mibi</em></strong></span> <span class='ocrx_word' id='word_1_76' title='bbox 1393 1799 1728 1894; x_wconf 80' lang='lat' dir='ltr'><strong><em>peregrinationis</em></strong></span> 
     </span>
     <span class='ocr_line' id='line_1_11' title="bbox 116 1927 1727 2030; baseline -0.004 -24"><span class='ocrx_word' id='word_1_77' title='bbox 116 1957 262 2006; x_wconf 82' lang='lat' dir='ltr'><strong><em>merces</em></strong></span> <span class='ocrx_word' id='word_1_78' title='bbox 274 1931 556 2026; x_wconf 70' lang='lat' dir='ltr'><strong><em>praeberentur.</em></strong></span> <span class='ocrx_word' id='word_1_79' title='bbox 612 1928 1074 2030; x_wconf 81' lang='lat' dir='ltr'><strong><em>Tbarbellusrespondit:</em></strong></span> <span class='ocrx_word' id='word_1_80' title='bbox 1094 1927 1204 1996; x_wconf 84' lang='lat' dir='ltr'><strong><em>baud</em></strong></span> <span class='ocrx_word' id='word_1_81' title='bbox 1219 1928 1317 1998; x_wconf 81' lang='lat' dir='ltr'><strong><em>mibi</em></strong></span> <span class='ocrx_word' id='word_1_82' title='bbox 1334 1928 1497 2015; x_wconf 84' lang='lat' dir='ltr'><strong><em>videtur,</em></strong></span> <span class='ocrx_word' id='word_1_83' title='bbox 1512 1933 1610 2022; x_wconf 85' lang='lat' dir='ltr'><strong><em>qvod</em></strong></span> <span class='ocrx_word' id='word_1_84' title='bbox 1623 1930 1727 2001; x_wconf 79' lang='lat' dir='ltr'><strong><em>vobis</em></strong></span> 
     </span>
     <span class='ocr_line' id='line_1_12' title="bbox 106 2057 1725 2162; baseline -0.005 -24"><span class='ocrx_word' id='word_1_85' title='bbox 106 2065 314 2162; x_wconf 81' lang='lat' dir='ltr'><strong><em>fratribus</em></strong></span> <span class='ocrx_word' id='word_1_86' title='bbox 340 2063 505 2134; x_wconf 90' lang='lat' dir='ltr'><strong><em>multum</em></strong></span> <span class='ocrx_word' id='word_1_87' title='bbox 530 2061 761 2132; x_wconf 79' lang='lat' dir='ltr'><strong><em>adversatus</em></strong></span> <span class='ocrx_word' id='word_1_88' title='bbox 785 2059 879 2146; x_wconf 81' lang='lat' dir='ltr'><strong><em>sim,</em></strong></span> <span class='ocrx_word' id='word_1_89' title='bbox 912 2080 1105 2152; x_wconf 81' lang='lat' dir='ltr'><strong><em>pasqvam</em></strong></span> <span class='ocrx_word' id='word_1_90' title='bbox 1145 2057 1340 2152; x_wconf 84' lang='lat' dir='ltr'><strong><em>affinitate</em></strong></span> <span class='ocrx_word' id='word_1_91' title='bbox 1368 2061 1564 2152; x_wconf 82' lang='lat' dir='ltr'><strong><em>conjuncti</em></strong></span> <span class='ocrx_word' id='word_1_92' title='bbox 1593 2061 1725 2148; x_wconf 85' lang='lat' dir='ltr'><strong><em>simus,</em></strong></span> 
     </span>
     <span class='ocr_line' id='line_1_13' title="bbox 116 2189 1725 2290; baseline -0.004 -20"><span class='ocrx_word' id='word_1_93' title='bbox 116 2223 186 2270; x_wconf 86' lang='lat' dir='ltr'><strong><em>uec</em></strong></span> <span class='ocrx_word' id='word_1_94' title='bbox 198 2197 368 2290; x_wconf 78' lang='lat' dir='ltr'><strong><em>iniquum</em></strong></span> <span class='ocrx_word' id='word_1_95' title='bbox 384 2194 549 2280; x_wconf 81' lang='lat' dir='ltr'><strong><em>videtur,</em></strong></span> <span class='ocrx_word' id='word_1_96' title='bbox 574 2192 609 2260; x_wconf 83' lang='lat' dir='ltr'><strong><em>si</em></strong></span> <span class='ocrx_word' id='word_1_97' title='bbox 628 2203 670 2262; x_wconf 86' lang='lat' dir='ltr'><strong><em>tu</em></strong></span> <span class='ocrx_word' id='word_1_98' title='bbox 685 2190 797 2284; x_wconf 63' lang='lat' dir='ltr'><strong><em>cupis</em></strong></span> <span class='ocrx_word' id='word_1_99' title='bbox 813 2201 1042 2261; x_wconf 72' lang='lat' dir='ltr'><strong><em>craterarum</em></strong></span> <span class='ocrx_word' id='word_1_100' title='bbox 1053 2189 1230 2286; x_wconf 84' lang='lat' dir='ltr'><strong><em>gentium</em></strong></span> <span class='ocrx_word' id='word_1_101' title='bbox 1242 2207 1367 2259; x_wconf 88' lang='lat' dir='ltr'><strong><em>mores</em></strong></span> <span class='ocrx_word' id='word_1_102' title='bbox 1387 2213 1623 2284; x_wconf 84' lang='lat' dir='ltr'><strong><em>cognoscere,</em></strong></span> <span class='ocrx_word' id='word_1_103' title='bbox 1631 2215 1725 2263; x_wconf 89' lang='lat' dir='ltr'><strong><em>nam</em></strong></span> 
     </span>
     <span class='ocr_line' id='line_1_14' title="bbox 105 2320 1820 2421; baseline -0.005 -21"><span class='ocrx_word' id='word_1_104' title='bbox 105 2333 260 2421; x_wconf 85' lang='lat' dir='ltr'><strong><em>fortem</em></strong></span> <span class='ocrx_word' id='word_1_105' title='bbox 276 2339 312 2399; x_wconf 89' lang='lat' dir='ltr'><strong><em>te</em></strong></span> <span class='ocrx_word' id='word_1_106' title='bbox 327 2325 472 2412; x_wconf 84' lang='lat' dir='ltr'><strong><em>virum,</em></strong></span> <span class='ocrx_word' id='word_1_107' title='bbox 505 2345 755 2418; x_wconf 78' lang='lat' dir='ltr'><strong><em>qumcunqve</em></strong></span> <span class='ocrx_word' id='word_1_108' title='bbox 773 2323 897 2392; x_wconf 86' lang='lat' dir='ltr'><strong><em>locum</em></strong></span> <span class='ocrx_word' id='word_1_109' title='bbox 911 2320 1059 2391; x_wconf 85' lang='lat' dir='ltr'><strong><em>adieris</em></strong></span> <span class='ocrx_word' id='word_1_110' title='bbox 1076 2332 1148 2390; x_wconf 88' lang='lat' dir='ltr'><strong><em>aut</em></strong></span> <span class='ocrx_word' id='word_1_111' title='bbox 1171 2345 1402 2420; x_wconf 82' lang='lat' dir='ltr'><strong><em>qvoscunqve</em></strong></span> <span class='ocrx_word' id='word_1_112' title='bbox 1425 2321 1603 2392; x_wconf 85' lang='lat' dir='ltr'><strong><em>bonestos</em></strong></span> <span class='ocrx_word' id='word_1_113' title='bbox 1621 2323 1724 2394; x_wconf 87' lang='lat' dir='ltr'><strong><em>viras</em></strong></span> <span class='ocrx_word' id='word_1_114' title='bbox 1817 2347 1820 2352; x_wconf 69' lang='grc'>’</span> 
     </span>
     <span class='ocr_line' id='line_1_15' title="bbox 114 2427 1723 2550; baseline -0.006 -16"><span class='ocrx_word' id='word_1_115' title='bbox 114 2457 350 2544; x_wconf 69' lang='lat' dir='ltr'><strong><em>conveneris,</em></strong></span> <span class='ocrx_word' id='word_1_116' title='bbox 368 2427 545 2524; x_wconf 81' lang='lat' dir='ltr'><strong><em>babitans</em></strong></span> <span class='ocrx_word' id='word_1_117' title='bbox 562 2455 614 2524; x_wconf 79' lang='lat' dir='ltr'><strong><em>in·</em></strong></span> <span class='ocrx_word' id='word_1_118' title='bbox 636 2453 795 2550; x_wconf 80' lang='lat' dir='ltr'><strong><em>confido.</em></strong></span> <span class='ocrx_word' id='word_1_119' title='bbox 852 2453 1081 2522; x_wconf 75' lang='lat' dir='ltr'><strong><em>Tborlse&#39;kus</em></strong></span> <span class='ocrx_word' id='word_1_120' title='bbox 1100 2452 1303 2522; x_wconf 83' lang='lat' dir='ltr'><strong><em>multasse</em></strong></span> <span class='ocrx_word' id='word_1_121' title='bbox 1321 2475 1412 2542; x_wconf 81' lang='lat' dir='ltr'><strong><em>opes</em></strong></span> <span class='ocrx_word' id='word_1_122' title='bbox 1424 2455 1723 2544; x_wconf 78' lang='lat' dir='ltr'><strong><em>postulaturum</em></strong></span> 
     </span>
     <span class='ocr_line' id='line_1_16' title="bbox 114 2583 1723 2687; baseline -0.006 -23"><span class='ocrx_word' id='word_1_123' title='bbox 114 2589 273 2687; x_wconf 80' lang='lat' dir='ltr'><strong><em>negavit</em></strong></span> <span class='ocrx_word' id='word_1_124' title='bbox 280 2613 295 2680; x_wconf 78' lang='lat'><em>3</em></span> <span class='ocrx_word' id='word_1_125' title='bbox 329 2586 438 2658; x_wconf 83' lang='lat' dir='ltr'><strong><em>baud</em></strong></span> <span class='ocrx_word' id='word_1_126' title='bbox 456 2583 568 2672; x_wconf 85' lang='lat' dir='ltr'><strong><em>enim,</em></strong></span> <span class='ocrx_word' id='word_1_127' title='bbox 585 2583 720 2678; x_wconf 70' lang='lat' dir='ltr'><strong><em>inavit,</em></strong></span> <span class='ocrx_word' id='word_1_128' title='bbox 739 2595 882 2654; x_wconf 88' lang='lat' dir='ltr'><strong><em>certum</em></strong></span> <span class='ocrx_word' id='word_1_129' title='bbox 898 2595 975 2668; x_wconf 87' lang='lat' dir='ltr'><strong><em>est,</em></strong></span> <span class='ocrx_word' id='word_1_130' title='bbox 999 2594 1043 2652; x_wconf 89' lang='lat' dir='ltr'><strong><em>ut</em></strong></span> <span class='ocrx_word' id='word_1_131' title='bbox 1057 2607 1124 2679; x_wconf 81' lang='lat' dir='ltr'><strong><em>ego</em></strong></span> <span class='ocrx_word' id='word_1_132' title='bbox 1150 2583 1245 2656; x_wconf 84' lang='lat' dir='ltr'><strong><em>illas</em></strong></span> <span class='ocrx_word' id='word_1_133' title='bbox 1263 2605 1491 2668; x_wconf 70' lang='lat' dir='ltr'><strong><em>conservem,</em></strong></span> <span class='ocrx_word' id='word_1_134' title='bbox 1522 2585 1556 2652; x_wconf 74' lang='grc' dir='ltr'><strong><em>εἰ</em></strong></span> <span class='ocrx_word' id='word_1_135' title='bbox 1573 2583 1723 2678; x_wconf 80' lang='lat' dir='ltr'><strong><em>quidem</em></strong></span> 
     </span>
     <span class='ocr_line' id='line_1_17' title="bbox 113 2711 1749 2820; baseline -0.007 -24"><span class='ocrx_word' id='word_1_136' title='bbox 113 2749 183 2820; x_wconf 83' lang='lat' dir='ltr'><strong><em>ego</em></strong></span> <span class='ocrx_word' id='word_1_137' title='bbox 203 2745 288 2794; x_wconf 88' lang='lat' dir='ltr'><strong><em>sum</em></strong></span> <span class='ocrx_word' id='word_1_138' title='bbox 303 2719 528 2789; x_wconf 70' lang='lat' dir='ltr'><strong><em>adolescens</em></strong></span> <span class='ocrx_word' id='word_1_139' title='bbox 545 2711 583 2784; x_wconf 69' lang='grc' dir='ltr'><strong><em>δε</em></strong></span> <span class='ocrx_word' id='word_1_140' title='bbox 595 2713 733 2784; x_wconf 86' lang='lat' dir='ltr'><strong><em>multis</em></strong></span> <span class='ocrx_word' id='word_1_141' title='bbox 750 2713 791 2784; x_wconf 85' lang='lat' dir='ltr'><strong><em>in</em></strong></span> <span class='ocrx_word' id='word_1_142' title='bbox 805 2713 917 2785; x_wconf 89' lang='lat' dir='ltr'><strong><em>rebus</em></strong></span> <span class='ocrx_word' id='word_1_143' title='bbox 931 2713 1041 2784; x_wconf 85' lang='lat' dir='ltr'><strong><em>baud</em></strong></span> <span class='ocrx_word' id='word_1_144' title='bbox 1054 2714 1153 2782; x_wconf 85' lang='lat' dir='ltr'><strong><em>satis</em></strong></span> <span class='ocrx_word' id='word_1_145' title='bbox 1160 2713 1245 2806; x_wconf 82' lang='lat' dir='ltr'><strong><em>fixo</em></strong></span> <span class='ocrx_word' id='word_1_146' title='bbox 1265 2713 1436 2782; x_wconf 76' lang='lat' dir='ltr'><strong><em>consilio.</em></strong></span> <span class='ocrx_word' id='word_1_147' title='bbox 1495 2713 1722 2784; x_wconf 83' lang='lat' dir='ltr'><strong><em>Tborketlus</em></strong></span> <span class='ocrx_word' id='word_1_148' title='bbox 1747 2751 1749 2759; x_wconf 50' lang='lat'><strong>⁴</strong></span> 
     </span>
     <span class='ocr_line' id='line_1_18' title="bbox 114 2817 1772 2938; baseline -0.006 -12"><span class='ocrx_word' id='word_1_149' title='bbox 114 2817 229 2928; x_wconf 83' lang='lat' dir='ltr'><strong><em>illum</em></strong></span> <span class='ocrx_word' id='word_1_150' title='bbox 247 2863 536 2922; x_wconf 82' lang='lat' dir='ltr'><strong><em>tantumsecurn</em></strong></span> <span class='ocrx_word' id='word_1_151' title='bbox 551 2845 721 2936; x_wconf 83' lang='lat' dir='ltr'><strong><em>auferre,</em></strong></span> <span class='ocrx_word' id='word_1_152' title='bbox 748 2857 931 2938; x_wconf 77' lang='lat' dir='ltr'><strong><em>quantum</em></strong></span> <span class='ocrx_word' id='word_1_153' title='bbox 948 2845 1227 2938; x_wconf 80' lang='lat' dir='ltr'><strong><em>ipsiplaceret,</em></strong></span> <span class='ocrx_word' id='word_1_154' title='bbox 1241 2845 1377 2936; x_wconf 85' lang='lat' dir='ltr'><strong><em>jussit,</em></strong></span> <span class='ocrx_word' id='word_1_155' title='bbox 1428 2845 1581 2916; x_wconf 85' lang='lat' dir='ltr'><strong><em>Deinde</em></strong></span> <span class='ocrx_word' id='word_1_156' title='bbox 1596 2845 1723 2916; x_wconf 86' lang='lat' dir='ltr'><strong><em>Tbor-</em></strong></span> <span class='ocrx_word' id='word_1_157' title='bbox 1768 2819 1772 2824; x_wconf 15' lang='grc' dir='ltr'>ι</span> 
     </span>
     <span class='ocr_line' id='line_1_19' title="bbox 113 2974 1719 3068; baseline -0.007 -10"><span class='ocrx_word' id='word_1_158' title='bbox 113 2987 238 3058; x_wconf 81' lang='lat' dir='ltr'><strong><em>bellue</em></strong></span> <span class='ocrx_word' id='word_1_159' title='bbox 260 2977 464 3050; x_wconf 83' lang='lat' dir='ltr'><strong><em>Tborleibo</em></strong></span> <span class='ocrx_word' id='word_1_160' title='bbox 488 2985 739 3044; x_wconf 88' lang='lat' dir='ltr'><strong><em>commeatum</em></strong></span> <span class='ocrx_word' id='word_1_161' title='bbox 759 2977 897 3040; x_wconf 67' lang='lat' dir='ltr'><strong><em>coensit</em></strong></span> <span class='ocrx_word' id='word_1_162' title='bbox 919 2976 960 3040; x_wconf 85' lang='lat' dir='ltr'><strong><em>in</em></strong></span> <span class='ocrx_word' id='word_1_163' title='bbox 977 2975 1080 3056; x_wconf 86' lang='lat' dir='ltr'><strong><em>navi,</em></strong></span> <span class='ocrx_word' id='word_1_164' title='bbox 1106 2998 1189 3068; x_wconf 81' lang='lat' dir='ltr'><strong><em>qvoe</em></strong></span> <span class='ocrx_word' id='word_1_165' title='bbox 1204 2974 1504 3064; x_wconf 85' lang='lat' dir='ltr'><strong><em>Dbgurdarnesi</em></strong></span> <span class='ocrx_word' id='word_1_166' title='bbox 1520 2975 1719 3046; x_wconf 82' lang='lat' dir='ltr'><strong><em>adstabat.</em></strong></span> 
     </span>
     <span class='ocr_line' id='line_1_20' title="bbox 112 3098 1722 3196; baseline -0.006 -10"><span class='ocrx_word' id='word_1_167' title='bbox 112 3114 268 3190; x_wconf 75' lang='lat' dir='ltr'><strong><em>Deinde</em></strong></span> <span class='ocrx_word' id='word_1_168' title='bbox 280 3104 507 3180; x_wconf 79' lang='lat' dir='ltr'><strong><em>Thorbellus</em></strong></span> <span class='ocrx_word' id='word_1_169' title='bbox 521 3102 634 3172; x_wconf 82' lang='lat' dir='ltr'><strong><em>illum</em></strong></span> <span class='ocrx_word' id='word_1_170' title='bbox 647 3101 703 3170; x_wconf 81' lang='lat' dir='ltr'><strong><em>ad</em></strong></span> <span class='ocrx_word' id='word_1_171' title='bbox 718 3122 852 3170; x_wconf 88' lang='lat' dir='ltr'><strong><em>navem</em></strong></span> <span class='ocrx_word' id='word_1_172' title='bbox 871 3101 1077 3170; x_wconf 86' lang='lat' dir='ltr'><strong><em>comitatus</em></strong></span> <span class='ocrx_word' id='word_1_173' title='bbox 1088 3098 1283 3196; x_wconf 78' lang='lat' dir='ltr'><strong><em>&amp;quidem</em></strong></span> <span class='ocrx_word' id='word_1_174' title='bbox 1302 3103 1405 3172; x_wconf 89' lang='lat' dir='ltr'><strong><em>amni</em></strong></span> <span class='ocrx_word' id='word_1_175' title='bbox 1418 3105 1531 3172; x_wconf 84' lang='lat' dir='ltr'><strong><em>modo</em></strong></span> <span class='ocrx_word' id='word_1_176' title='bbox 1546 3103 1656 3175; x_wconf 86' lang='lat' dir='ltr'><strong><em>illum</em></strong></span> <span class='ocrx_word' id='word_1_177' title='bbox 1666 3108 1722 3176; x_wconf 82' lang='lat' dir='ltr'><strong><em>aa</em></strong></span> 
     </span>
     <span class='ocr_line' id='line_1_21' title="bbox 116 3207 1720 3332; baseline -0.01 -13"><span class='ocrx_word' id='word_1_178' title='bbox 116 3251 191 3320; x_wconf 80' lang='lat' dir='ltr'><strong><em>iter</em></strong></span> <span class='ocrx_word' id='word_1_179' title='bbox 210 3243 300 3314; x_wconf 90' lang='lat' dir='ltr'><strong><em>bene</em></strong></span> <span class='ocrx_word' id='word_1_180' title='bbox 317 3235 498 3332; x_wconf 86' lang='lat' dir='ltr'><strong><em>paravit.</em></strong></span> <span class='ocrx_word' id='word_1_181' title='bbox 549 3233 610 3304; x_wconf 87' lang='lat' dir='ltr'><strong><em>Ea</em></strong></span> <span class='ocrx_word' id='word_1_182' title='bbox 627 3241 763 3300; x_wconf 87' lang='lat' dir='ltr'><strong><em>oestate</em></strong></span> <span class='ocrx_word' id='word_1_183' title='bbox 782 3231 1009 3300; x_wconf 70' lang='lat' dir='ltr'><strong><em>Iborleibus</em></strong></span> <span class='ocrx_word' id='word_1_184' title='bbox 1022 3233 1312 3322; x_wconf 82' lang='lat' dir='ltr'><strong><em>peregrinatus·</em></strong></span> <span class='ocrx_word' id='word_1_185' title='bbox 1367 3207 1513 3302; x_wconf 81' lang='lat' dir='ltr'><strong><em>Verum</em></strong></span> <span class='ocrx_word' id='word_1_186' title='bbox 1528 3232 1593 3302; x_wconf 78' lang='lat' dir='ltr'><strong><em>ube¹</em></strong></span> <span class='ocrx_word' id='word_1_187' title='bbox 1612 3236 1720 3304; x_wconf 93' lang='lat' dir='ltr'><strong><em>Nor-</em></strong></span> 
     </span>
     <span class='ocr_line' id='line_1_22' title="bbox 114 3361 1775 3472; baseline -0.007 -24"><span class='ocrx_word' id='word_1_188' title='bbox 114 3377 276 3472; x_wconf 82' lang='lat' dir='ltr'><strong><em>vagiam</em></strong></span> <span class='ocrx_word' id='word_1_189' title='bbox 281 3367 471 3466; x_wconf 82' lang='lat' dir='ltr'><strong><em>pervenit,</em></strong></span> <span class='ocrx_word' id='word_1_190' title='bbox 487 3363 634 3434; x_wconf 86' lang='lat' dir='ltr'><strong><em>Olavus</em></strong></span> <span class='ocrx_word' id='word_1_191' title='bbox 644 3370 814 3446; x_wconf 88' lang='lat' dir='ltr'><strong><em>sanctus,</em></strong></span> <span class='ocrx_word' id='word_1_192' title='bbox 828 3363 924 3446; x_wconf 83' lang='lat' dir='ltr'><strong><em>Rex,</em></strong></span> <span class='ocrx_word' id='word_1_193' title='bbox 950 3383 1107 3432; x_wconf 86' lang='lat' dir='ltr'><strong><em>summae</em></strong></span> <span class='ocrx_word' id='word_1_194' title='bbox 1122 3386 1249 3430; x_wconf 90' lang='lat' dir='ltr'><strong><em>rerum</em></strong></span> <span class='ocrx_word' id='word_1_195' title='bbox 1261 3361 1437 3454; x_wconf 81' lang='lat' dir='ltr'><strong><em>proefuit.</em></strong></span> <span class='ocrx_word' id='word_1_196' title='bbox 1495 3362 1721 3438; x_wconf 84' lang='lat' dir='ltr'><strong><em>Tborleibus</em></strong></span> <span class='ocrx_word' id='word_1_197' title='bbox 1772 3379 1775 3386; x_wconf 83' lang='grc'><strong>“</strong></span> 
     </span>
     <span class='ocr_line' id='line_1_23' title="bbox 115 3489 1760 3601; baseline -0.007 -22"><span class='ocrx_word' id='word_1_198' title='bbox 115 3529 242 3601; x_wconf 87' lang='lat' dir='ltr'><strong><em>regern</em></strong></span> <span class='ocrx_word' id='word_1_199' title='bbox 255 3496 568 3574; x_wconf 81' lang='lat' dir='ltr'><strong><em>Olavumstatim</em></strong></span> <span class='ocrx_word' id='word_1_200' title='bbox 585 3493 773 3564; x_wconf 87' lang='lat' dir='ltr'><strong><em>convenit.</em></strong></span> <span class='ocrx_word' id='word_1_201' title='bbox 824 3493 909 3562; x_wconf 83' lang='lat' dir='ltr'><strong><em>Rea</em></strong></span> <span class='ocrx_word' id='word_1_202' title='bbox 920 3491 1031 3562; x_wconf 83' lang='lat' dir='ltr'><strong><em>illum</em></strong></span> <span class='ocrx_word' id='word_1_203' title='bbox 1049 3489 1139 3560; x_wconf 88' lang='lat' dir='ltr'><strong><em>bene</em></strong></span> <span class='ocrx_word' id='word_1_204' title='bbox 1151 3493 1422 3586; x_wconf 79' lang='lat' dir='ltr'><strong><em>excapitatqve</em></strong></span> <span class='ocrx_word' id='word_1_205' title='bbox 1429 3517 1550 3586; x_wconf 86' lang='lat' dir='ltr'><strong><em>genus</em></strong></span> <span class='ocrx_word' id='word_1_206' title='bbox 1559 3497 1721 3589; x_wconf 84' lang='lat' dir='ltr'><strong><em>agnovit</em></strong></span> <span class='ocrx_word' id='word_1_207' title='bbox 1755 3565 1760 3568; x_wconf 83' lang='lat'>.</span> 
     </span>
     <span class='ocr_line' id='line_1_24' title="bbox 116 3622 1721 3730; baseline -0.006 -21"><span class='ocrx_word' id='word_1_208' title='bbox 116 3639 298 3730; x_wconf 83' lang='lat' dir='ltr'><strong><em>illumque</em></strong></span> <span class='ocrx_word' id='word_1_209' title='bbox 321 3632 376 3700; x_wconf 74' lang='lat' dir='ltr'><strong><em>ael</em></strong></span> <span class='ocrx_word' id='word_1_210' title='bbox 403 3653 442 3698; x_wconf 88' lang='lat' dir='ltr'><strong><em>se</em></strong></span> <span class='ocrx_word' id='word_1_211' title='bbox 471 3625 664 3702; x_wconf 82' lang='lat' dir='ltr'><strong><em>invitavit.</em></strong></span> <span class='ocrx_word' id='word_1_212' title='bbox 717 3624 768 3692; x_wconf 90' lang='lat' dir='ltr'><strong><em>Id</em></strong></span> <span class='ocrx_word' id='word_1_213' title='bbox 788 3622 1015 3692; x_wconf 84' lang='lat' dir='ltr'><strong><em>Tborler&#39;bus</em></strong></span> <span class='ocrx_word' id='word_1_214' title='bbox 1040 3623 1151 3692; x_wconf 83' lang='lat' dir='ltr'><strong><em>baud</em></strong></span> <span class='ocrx_word' id='word_1_215' title='bbox 1174 3638 1429 3718; x_wconf 80' lang='lat' dir='ltr'><strong><em>aspernatus,</em></strong></span> <span class='ocrx_word' id='word_1_216' title='bbox 1457 3629 1569 3720; x_wconf 83' lang='lat' dir='ltr'><strong><em>apud</em></strong></span> <span class='ocrx_word' id='word_1_217' title='bbox 1595 3651 1721 3723; x_wconf 85' lang='lat' dir='ltr'><strong><em>regem</em></strong></span> 
     </span>
     <span class='ocr_line' id='line_1_25' title="bbox 110 3745 1721 3864; baseline -0.006 -25"><span class='ocrx_word' id='word_1_218' title='bbox 110 3793 188 3864; x_wconf 84' lang='lat' dir='ltr'><strong><em>per</em></strong></span> <span class='ocrx_word' id='word_1_219' title='bbox 213 3745 385 3860; x_wconf 53' lang='lat' dir='ltr'><strong><em>hyemem</em></strong></span> <span class='ocrx_word' id='word_1_220' title='bbox 408 3753 738 3840; x_wconf 82' lang='lat' dir='ltr'><strong><em>commorabatur,</em></strong></span> <span class='ocrx_word' id='word_1_221' title='bbox 772 3753 952 3848; x_wconf 80' lang='lat' dir='ltr'><strong><em>illiusqve</em></strong></span> <span class='ocrx_word' id='word_1_222' title='bbox 978 3754 1132 3826; x_wconf 85' lang='lat' dir='ltr'><strong><em>aulicus</em></strong></span> <span class='ocrx_word' id='word_1_223' title='bbox 1153 3757 1297 3848; x_wconf 87' lang='lat' dir='ltr'><strong><em>sactus</em></strong></span> <span class='ocrx_word' id='word_1_224' title='bbox 1320 3768 1387 3826; x_wconf 85' lang='lat' dir='ltr'><strong><em>est.</em></strong></span> <span class='ocrx_word' id='word_1_225' title='bbox 1439 3757 1583 3852; x_wconf 77' lang='lat' dir='ltr'><strong><em>Magni</em></strong></span> <span class='ocrx_word' id='word_1_226' title='bbox 1609 3761 1721 3832; x_wconf 85' lang='lat' dir='ltr'><strong><em>illum</em></strong></span> 
     </span>
     <span class='ocr_line' id='line_1_26' title="bbox 115 3885 1721 3992; baseline -0.004 -22"><span class='ocrx_word' id='word_1_227' title='bbox 115 3896 326 3990; x_wconf 69' lang='lat' dir='ltr'><strong><em>aestimavit</em></strong></span> <span class='ocrx_word' id='word_1_228' title='bbox 345 3915 432 3979; x_wconf 82' lang='lat' dir='ltr'><strong><em>rex,·</em></strong></span> <span class='ocrx_word' id='word_1_229' title='bbox 473 3887 699 3958; x_wconf 86' lang='lat' dir='ltr'><strong><em>Tbarleibus</em></strong></span> <span class='ocrx_word' id='word_1_230' title='bbox 722 3885 822 3956; x_wconf 87' lang='lat' dir='ltr'><strong><em>enim</em></strong></span> <span class='ocrx_word' id='word_1_231' title='bbox 844 3885 959 3992; x_wconf 77' lang='lat' dir='ltr'><strong><em>valde</em></strong></span> <span class='ocrx_word' id='word_1_232' title='bbox 985 3896 1168 3956; x_wconf 87' lang='lat' dir='ltr'><strong><em>strenuus</em></strong></span> <span class='ocrx_word' id='word_1_233' title='bbox 1193 3887 1352 3958; x_wconf 84' lang='lat' dir='ltr'><strong><em>babitus</em></strong></span> <span class='ocrx_word' id='word_1_234' title='bbox 1372 3899 1430 3958; x_wconf 90' lang='lat' dir='ltr'><strong><em>est</em></strong></span> <span class='ocrx_word' id='word_1_235' title='bbox 1453 3889 1530 3971; x_wconf 83' lang='lat' dir='ltr'><strong><em>vir,</em></strong></span> <span class='ocrx_word' id='word_1_236' title='bbox 1557 3885 1594 3958; x_wconf 75' lang='lat' dir='ltr'><strong><em>bt</em></strong></span> <span class='ocrx_word' id='word_1_237' title='bbox 1610 3895 1721 3986; x_wconf 79' lang='lat' dir='ltr'><strong><em>apud</em></strong></span> 
     </span>
     <span class='ocr_line' id='line_1_27' title="bbox 115 4005 1721 4122; baseline -0.004 -23"><span class='ocrx_word' id='word_1_238' title='bbox 115 4052 242 4122; x_wconf 81' lang='lat' dir='ltr'><strong><em>regem</em></strong></span> <span class='ocrx_word' id='word_1_239' title='bbox 259 4025 422 4094; x_wconf 81' lang='lat' dir='ltr'><strong><em>Olavurn</em></strong></span> <span class='ocrx_word' id='word_1_240' title='bbox 434 4019 573 4114; x_wconf 86' lang='lat' dir='ltr'><strong><em>plures</em></strong></span> <span class='ocrx_word' id='word_1_241' title='bbox 590 4015 735 4108; x_wconf 80' lang='lat' dir='ltr'><strong><em>quidem</em></strong></span> <span class='ocrx_word' id='word_1_242' title='bbox 751 4037 876 4084; x_wconf 89' lang='lat' dir='ltr'><strong><em>annas</em></strong></span> <span class='ocrx_word' id='word_1_243' title='bbox 898 4016 1012 4108; x_wconf 82' lang='lat' dir='ltr'><strong><em>degit.</em></strong></span> <span class='ocrx_word' id='word_1_244' title='bbox 1066 4018 1156 4094; x_wconf 86' lang='lat' dir='ltr'><strong><em>Iam</em></strong></span> <span class='ocrx_word' id='word_1_245' title='bbox 1175 4021 1220 4088; x_wconf 84' lang='lat' dir='ltr'><strong><em>cle</em></strong></span> <span class='ocrx_word' id='word_1_246' title='bbox 1228 4019 1362 4102; x_wconf 81' lang='lat' dir='ltr'><strong><em>Ballio</em></strong></span> <span class='ocrx_word' id='word_1_247' title='bbox 1375 4020 1501 4090; x_wconf 84' lang='lat' dir='ltr'><strong><em>Ballii</em></strong></span> <span class='ocrx_word' id='word_1_248' title='bbox 1514 4019 1611 4112; x_wconf 82' lang='lat' dir='ltr'><strong><em>filia,</em></strong></span> <span class='ocrx_word' id='word_1_249' title='bbox 1638 4005 1721 4094; x_wconf 84' lang='lat' dir='ltr'><strong><em>me-</em></strong></span> 
     </span>
     <span class='ocr_line' id='line_1_28' title="bbox 114 4146 1722 4247; baseline -0.002 -18"><span class='ocrx_word' id='word_1_250' title='bbox 114 4155 348 4228; x_wconf 81' lang='lat' dir='ltr'><strong><em>morandum</em></strong></span> <span class='ocrx_word' id='word_1_251' title='bbox 373 4149 496 4232; x_wconf 84' lang='lat' dir='ltr'><strong><em>venit,</em></strong></span> <span class='ocrx_word' id='word_1_252' title='bbox 531 4147 628 4247; x_wconf 82' lang='lat' dir='ltr'><strong><em>qvod</em></strong></span> <span class='ocrx_word' id='word_1_253' title='bbox 655 4146 811 4216; x_wconf 88' lang='lat' dir='ltr'><em>XVIII</em></span> <span class='ocrx_word' id='word_1_254' title='bbox 835 4169 960 4217; x_wconf 88' lang='lat' dir='ltr'><strong><em>annas</em></strong></span> <span class='ocrx_word' id='word_1_255' title='bbox 986 4160 1105 4216; x_wconf 88' lang='lat' dir='ltr'><strong><em>natus</em></strong></span> <span class='ocrx_word' id='word_1_256' title='bbox 1129 4155 1215 4218; x_wconf 81' lang='lat' dir='ltr'><strong><em>vere</em></strong></span> <span class='ocrx_word' id='word_1_257' title='bbox 1230 4150 1505 4234; x_wconf 58' lang='lat' dir='ltr'><strong><em>Themellum,</em></strong></span> <span class='ocrx_word' id='word_1_258' title='bbox 1541 4153 1722 4230; x_wconf 72' lang='lat' dir='ltr'><strong><em>vitricum</em></strong></span> 
     </span>
     <span class='ocr_line' id='line_1_29' title="bbox 116 4277 1721 4372; baseline -0.001 -14"><span class='ocrx_word' id='word_1_259' title='bbox 116 4313 228 4360; x_wconf 89' lang='lat' dir='ltr'><strong><em>suum</em></strong></span> <span class='ocrx_word' id='word_1_260' title='bbox 246 4309 293 4356; x_wconf 92' lang='lat' dir='ltr'><strong><em>ac</em></strong></span> <span class='ocrx_word' id='word_1_261' title='bbox 310 4292 474 4352; x_wconf 89' lang='lat' dir='ltr'><strong><em>matrem</em></strong></span> <span class='ocrx_word' id='word_1_262' title='bbox 489 4277 706 4372; x_wconf 85' lang='lat' dir='ltr'><strong><em>allaqvitur</em></strong></span> <span class='ocrx_word' id='word_1_263' title='bbox 726 4299 897 4369; x_wconf 81' lang='lat' dir='ltr'><strong><em>rogans,</em></strong></span> <span class='ocrx_word' id='word_1_264' title='bbox 925 4289 967 4346; x_wconf 89' lang='lat' dir='ltr'><strong><em>ut</em></strong></span> <span class='ocrx_word' id='word_1_265' title='bbox 980 4292 1195 4370; x_wconf 84' lang='lat' dir='ltr'><strong><em>paternam</em></strong></span> <span class='ocrx_word' id='word_1_266' title='bbox 1217 4303 1328 4349; x_wconf 86' lang='lat' dir='ltr'><strong><em>suam</em></strong></span> <span class='ocrx_word' id='word_1_267' title='bbox 1349 4281 1536 4352; x_wconf 76' lang='lat' dir='ltr'><strong><em>solverent</em></strong></span> <span class='ocrx_word' id='word_1_268' title='bbox 1551 4283 1721 4356; x_wconf 77' lang='lat' dir='ltr'><strong><em>haredi-</em></strong></span> 
     </span>
     <span class='ocr_line' id='line_1_30' title="bbox 116 4406 1721 4512; baseline 0 -23"><span class='ocrx_word' id='word_1_269' title='bbox 116 4434 247 4490; x_wconf 85' lang='lat' dir='ltr'><strong><em>tatem.</em></strong></span> <span class='ocrx_word' id='word_1_270' title='bbox 303 4415 506 4484; x_wconf 66' lang='lat' dir='ltr'><strong><em>Gudruna‘</em></strong></span> <span class='ocrx_word' id='word_1_271' title='bbox 521 4407 694 4504; x_wconf 84' lang='lat' dir='ltr'><strong><em>rogavit,</em></strong></span> <span class='ocrx_word' id='word_1_272' title='bbox 728 4407 818 4500; x_wconf 83' lang='lat' dir='ltr'><strong><em>qvid</em></strong></span> <span class='ocrx_word' id='word_1_273' title='bbox 836 4406 903 4475; x_wconf 84' lang='lat' dir='ltr'><strong><em>ille</em></strong></span> <span class='ocrx_word' id='word_1_274' title='bbox 921 4419 1001 4477; x_wconf 88' lang='lat' dir='ltr'><strong><em>tum</em></strong></span> <span class='ocrx_word' id='word_1_275' title='bbox 1023 4407 1098 4476; x_wconf 88' lang='lat' dir='ltr'><strong><em>sibi</em></strong></span> <span class='ocrx_word' id='word_1_276' title='bbox 1114 4412 1387 4504; x_wconf 80' lang='lat' dir='ltr'><strong><em>proposuerit,</em></strong></span> <span class='ocrx_word' id='word_1_277' title='bbox 1425 4415 1721 4512; x_wconf 81' lang='lat' dir='ltr'><strong><em>qvandoqvidem</em></strong></span> 
     </span>
     <span class='ocr_line' id='line_1_31' title="bbox 115 4533 1722 4647; baseline -0.002 -28"><span class='ocrx_word' id='word_1_278' title='bbox 115 4551 264 4620; x_wconf 85' lang='lat' dir='ltr'><strong><em>abillis</em></strong></span> <span class='ocrx_word' id='word_1_279' title='bbox 291 4570 380 4640; x_wconf 83' lang='lat' dir='ltr'><strong><em>apes</em></strong></span> <span class='ocrx_word' id='word_1_280' title='bbox 407 4533 631 4636; x_wconf 81' lang='lat' dir='ltr'><strong><em>reposceret.</em></strong></span> <span class='ocrx_word' id='word_1_281' title='bbox 683 4539 841 4647; x_wconf 78' lang='lat' dir='ltr'><strong><em>Bellias</em></strong></span> <span class='ocrx_word' id='word_1_282' title='bbox 858 4541 1080 4636; x_wconf 81' lang='lat' dir='ltr'><strong><em>respondit:</em></strong></span> <span class='ocrx_word' id='word_1_283' title='bbox 1105 4563 1189 4608; x_wconf 88' lang='lat' dir='ltr'><strong><em>mea</em></strong></span> <span class='ocrx_word' id='word_1_284' title='bbox 1207 4543 1353 4636; x_wconf 81' lang='lat' dir='ltr'><strong><em>qvidem</em></strong></span> <span class='ocrx_word' id='word_1_285' title='bbox 1372 4546 1555 4614; x_wconf 86' lang='lat' dir='ltr'><strong><em>voluntas</em></strong></span> <span class='ocrx_word' id='word_1_286' title='bbox 1572 4560 1645 4634; x_wconf 85' lang='lat' dir='ltr'><strong><em>est,</em></strong></span> <span class='ocrx_word' id='word_1_287' title='bbox 1677 4561 1722 4616; x_wconf 85' lang='lat' dir='ltr'><strong><em>ut</em></strong></span> 
     </span>
     <span class='ocr_line' id='line_1_32' title="bbox 115 4664 1721 4770; baseline -0.001 -22"><span class='ocrx_word' id='word_1_288' title='bbox 115 4679 212 4748; x_wconf 81' lang='lat' dir='ltr'><strong><em>milti</em></strong></span> <span class='ocrx_word' id='word_1_289' title='bbox 231 4699 328 4746; x_wconf 86' lang='lat' dir='ltr'><strong><em>uxor</em></strong></span> <span class='ocrx_word' id='word_1_290' title='bbox 341 4685 518 4770; x_wconf 57' lang='lat' dir='ltr'><strong><em>petatur,</em></strong></span> <span class='ocrx_word' id='word_1_291' title='bbox 547 4667 583 4740; x_wconf 80' lang='lat'><strong><em>8&lt;</em></strong></span> <span class='ocrx_word' id='word_1_292' title='bbox 600 4670 747 4764; x_wconf 80' lang='lat' dir='ltr'><strong><em>quidem</em></strong></span> <span class='ocrx_word' id='word_1_293' title='bbox 757 4671 904 4758; x_wconf 84' lang='lat' dir='ltr'><strong><em>vellem,</em></strong></span> <span class='ocrx_word' id='word_1_294' title='bbox 931 4672 1055 4765; x_wconf 87' lang='lat' dir='ltr'><strong><em>inqvit</em></strong></span> <span class='ocrx_word' id='word_1_295' title='bbox 1068 4672 1235 4758; x_wconf 85' lang='lat' dir='ltr'><strong><em>Bellias,</em></strong></span> <span class='ocrx_word' id='word_1_296' title='bbox 1263 4674 1322 4742; x_wconf 82' lang='lat' dir='ltr'><strong><em>uti</em></strong></span> <span class='ocrx_word' id='word_1_297' title='bbox 1342 4685 1383 4742; x_wconf 89' lang='lat' dir='ltr'><strong><em>tu</em></strong></span> <span class='ocrx_word' id='word_1_298' title='bbox 1397 4664 1621 4745; x_wconf 59' lang='lat' dir='ltr'><strong><em>Thermus!</em></strong></span> <span class='ocrx_word' id='word_1_299' title='bbox 1645 4677 1721 4746; x_wconf 86' lang='lat' dir='ltr'><strong><em>bac</em></strong></span> 
     </span>
    </p>
   </div>
   <div class='ocr_carea' id='block_1_3' title="bbox 117 4793 1737 4902">
    <p class='ocr_par' dir='ltr' id='par_1_3' title="bbox 117 4793 1737 4902">
     <span class='ocr_line' id='line_1_33' title="bbox 117 4793 1737 4902; baseline 0.002 -24"><span class='ocrx_word' id='word_1_300' title='bbox 117 4813 157 4880; x_wconf 82' lang='lat' dir='ltr'><strong><em>in</em></strong></span> <span class='ocrx_word' id='word_1_301' title='bbox 177 4834 218 4879; x_wconf 90' lang='lat' dir='ltr'><strong><em>re</em></strong></span> <span class='ocrx_word' id='word_1_302' title='bbox 234 4832 292 4877; x_wconf 88' lang='lat' dir='ltr'><strong><em>me</em></strong></span> <span class='ocrx_word' id='word_1_303' title='bbox 306 4805 526 4898; x_wconf 83' lang='lat' dir='ltr'><strong><em>adjuvares,</em></strong></span> <span class='ocrx_word' id='word_1_304' title='bbox 555 4802 613 4870; x_wconf 84' lang='lat' dir='ltr'><strong><em>uti</em></strong></span> <span class='ocrx_word' id='word_1_305' title='bbox 640 4799 730 4870; x_wconf 90' lang='lat' dir='ltr'><strong><em>bene</em></strong></span> <span class='ocrx_word' id='word_1_306' title='bbox 741 4815 877 4894; x_wconf 79' lang='lat' dir='ltr'><strong><em>posset</em></strong></span> <span class='ocrx_word' id='word_1_307' title='bbox 887 4805 1106 4896; x_wconf 79' lang='lat' dir='ltr'><strong><em>procedere.</em></strong></span> <span class='ocrx_word' id='word_1_308' title='bbox 1166 4805 1391 4902; x_wconf 76' lang='lat' dir='ltr'><strong><em>Tborbellus</em></strong></span> <span class='ocrx_word' id='word_1_309' title='bbox 1405 4806 1577 4896; x_wconf 82' lang='lat' dir='ltr'><strong><em>rogavit,</em></strong></span> <span class='ocrx_word' id='word_1_310' title='bbox 1611 4793 1737 4902; x_wconf 76' lang='lat' dir='ltr'><strong><em>qvam¹</em></strong></span> 
     </span>
    </p>
   </div>
   <div class='ocr_carea' id='block_1_4' title="bbox 0 0 2132 5730">
    <p class='ocr_par' dir='ltr' id='par_1_4' title="bbox 0 0 2132 5730">
     <span class='ocr_line' id='line_1_34' title="bbox 0 0 2132 5730; baseline 0 4"><span class='ocrx_word' id='word_1_311' title='bbox 0 0 2132 5730; x_wconf 95' lang='lat' dir='ltr'><strong><em> </em></strong></span> 
     </span>
    </p>
   </div>
  </div>
 </body>
</html>
