4256 5730
879 543 1082 666 ...aa

172 787 316 884 gilsum
339 811 547 886 aggressus
565 813 650 860 eum
674 789 799 860 securi
812 789 935 880 feriit
956 791 1192 888 mediumque
1215 795 1372 869 dorsum
1395 797 1541 871 divisit.
1607 803 1642 872 Τ
1639 802 1784 874 lardus

176 921 284 992 Felis
303 920 551 1018 propinquus
569 921 732 993 astabat
757 923 798 993 in
819 947 862 992 eo
888 922 983 1008 loco,
1008 921 1074 994 ubi
1090 925 1344 999 Hardbeinu's
1361 932 1580 1025 procurrit,
1604 933 1784 1028 illumque

178 1055 315 1123 statim
334 1052 459 1125 coluit
476 1053 649 1148 aggredi.
705 1055 787 1144 Qvo
805 1055 1175 1148 conspectoBollius
1192 1061 1365 1152 accurit,·
1391 1085 1439 1131 ac
1452 1063 1683 1136 Hardbeino
1698 1066 1781 1135 ali-
1818 1031 1823 1053 ’
1897 1135 1907 1148 ,

176 1185 267 1282 qvid
281 1186 379 1256 mali
407 1185 551 1276 inferri
580 1185 721 1275 vetuit,
757 1185 907 1256 dicens:
946 1209 1056 1256 nemo
1074 1185 1138 1256 hic
1157 1189 1352 1282 facinora
1368 1193 1478 1285 sorti
1507 1195 1670 1290 indigna
1697 1197 1780 1268 ciro

170 1329 393 1413 perpetret,
432 1311 469 1386 &
489 1317 722 1389 Hardbeinc
752 1343 847 1388 sane
873 1329 961 1386 tuta
988 1318 1065 1387 erit
1086 1343 1182 1414 pax.
1248 1325 1394 1419 Helgio
1424 1327 1529 1396 alter
1555 1340 1643 1400 erat
1664 1327 1781 1418 filius

173 1449 339 1521 Skorrus
360 1448 521 1520 nornine.
572 1449 649 1521 Ille
667 1462 748 1520 tum
762 1447 965 1544 Englancli
985 1447 1027 1518 in
1047 1450 1318 1550 Reykjardalo
1338 1457 1514 1526 australi
1527 1459 1777 1529 educabatur.

819 1681 949 1771 CAP.
983 1685 1125 1774 LXV.

364 1811 451 1916 His
469 1843 581 1916 relus
594 1845 714 1941 gestis
729 1845 957 1939 leorgilsus
978 1869 1062 1915 cum
1073 1846 1276 1918 comitibus
1295 1850 1484 1944 eqvqinde
1496 1856 1775 1925 vectasaccol-
1857 1897 1864 1912 ·

168 1981 242 2050 lem
260 1977 848 2072 transgressusReylsjardalum
858 1978 1051 2068 pervenit,
1082 1978 1181 2047 istas
1198 1979 1251 2047 ibi
1268 1983 1391 2050 coedes
1406 1983 1596 2054 indicans.
1620 1985 1776 2056 Deinde

168 2108 400 2179 occidentem
418 2131 549 2179 versus
565 2109 698 2177 eaclem
716 2107 782 2177 cia
804 2107 989 2199 prosmti,
1006 2131 1081 2200 qva
1104 2105 1154 2176 ab
1176 2089 1369 2180 accidente
1385 2113 1641 2201 adverterant,
1666 2115 1776 2186 haud

162 2239 393 2336 priusquam
413 2239 741 2311 inHo‘rdadalum
752 2239 1004 2333 pervenirent
1019 2237 1234 2308 constitere.
1293 2239 1383 2313 lam
1398 2267 1481 2338 qvae
1497 2245 1538 2315 in
1557 2245 1695 2316 itinere
1706 2271 1774 2318 es-

167 2385 252 2443 sent
264 2385 376 2466 gesta
391 2393 661 2442 memoravere.
712 2371 814 2440 Haec
830 2370 1025 2463 expeditio
1038 2370 1208 2439 illustris
1218 2371 1357 2442 habita
1377 2386 1448 2463 est,
1475 2400 1544 2446 nec
1558 2377 1639 2448 leve
1649 2379 1772 2448 visum

160 2479 336 2594 facinus,
356 2504 475 2572 talem
494 2505 700 2588 athletam,
716 2501 844 2596 qualis
857 2501 1126 2594 Helgiusfuit,
1144 2502 1366 2595 interficere.
1413 2495 1773 2600 Thorgilsusconsi-

40 2675 47 2680 ·
164 2633 267 2706 tibus
271 2659 348 2728 pro
364 2635 516 2705 auxilio
525 2636 604 2729 egit
610 2634 782 2732 gra-tias,
802 2633 859 2702 ita
877 2657 1016 2728 qvoqve
1020 2634 1179 2724 fratres
1191 2636 1319 2704 Bollii
1324 2633 1409 2726 filii
1424 2652 1593 2730 egerunt.
1652 2639 1771 2709 Tum-

162 2791 231 2864 qve
240 2767 304 2838 illi
312 2745 406 2851 viri,
419 2767 481 2862 qvi
496 2767 742 2862 Tltcrgilsum
757 2765 934 2836 ‘comitati
939 2765 1122 2856 fuerant,
1147 2766 1366 2837 discessere.
1394 2769 1583 2840 Lambius
1594 2771 1771 2843 occiden-

162 2911 236 2972 tem
256 2922 391 2972 versus
405 2900 611 2990 profectus
634 2899 675 2966 in
691 2897 988 2984 Laxarclalum,
1022 2899 1361 2991 Hjardarlzoltum
1382 2900 1557 2992 primum
1578 2903 1771 2994 pervenit,

159 3027 393 3123 &cognatis
412 3029 495 3096 suis
512 3039 646 3096 exacte
661 3027 798 3094 retulit
814 3048 888 3108 res,
906 3049 993 3118 qvae
1010 3028 1051 3094 in
1069 3029 1310 3095 Slsorraclalo
1324 3041 1448 3122 gestoe
1464 3031 1640 3120 fuerant.
1699 3035 1771 3103 Illi

158 3168 241 3259 ejus
256 3159 537 3255 expeditionem
550 3158 716 3228 multum
734 3153 1003 3250 improbavere
1015 3157 1200 3248 valdeque
1216 3157 1343 3250 ipsum
1359 3161 1613 3254 castigavere,
1635 3165 1768 3234 dicen-

160 3307 227 3380 tes,
253 3317 337 3364 eum
353 3291 480 3383 magis
495 3261 725 3382 llorbjb'rni
743 3286 904 3378 Skriupi
920 3309 1043 3378 genus
1060 3309 1174 3378 quarn
1189 3287 1688 3383 MyrkjartaniHybernioe
1705 3318 1769 3363 re-

155 3427 219 3522 gis
233 3425 437 3496 indicasse.
463 3420 653 3494 Lambius
671 3443 803 3490 earum
811 3415 978 3490 sermoni
990 3416 1103 3486 valde
1112 3440 1324 3508 succensus,
1351 3442 1567 3513 caeparum
1578 3444 1617 3490 se
1630 3423 1769 3492 decea-

159 3571 218 3630 ter
235 3579 370 3653 gerere
384 3554 528 3650 ajebat,
542 3555 726 3650 siquidem
736 3554 849 3624 illum
858 3547 1219 3643 reprehensionibus
1234 3551 1539 3646 aggrederentur
1542 3577 1557 3642 ,·
1581 3555 1769 3646 egoenim,

155 3689 288 3786 inquit,
304 3713 370 3762 vos
379 3689 594 3759 imminenti
602 3687 720 3758 morti
730 3683 928 3770 subtrani3
956 3683 1066 3752 ltaucl
1073 3683 1239 3752 multum
1249 3681 1387 3752 deinde
1405 3685 1526 3752 locuti
1534 3733 1546 3770 ,
1575 3687 1767 3758 tamenim

155 3822 310 3917 utrique
326 3819 401 3890 sibi
417 3822 576 3893 invicem
593 3821 838 3916 aliquantum
853 3819 1036 3888 succensi.
1090 3811 1277 3896 Lambius
1293 3815 1350 3884 ad
1361 3815 1560 3908 praelium
1577 3841 1688 3887 suum
1702 3805 1793 3889 re?
1909 3872 1915 3886 .

156 3953 244 4023 diit.
303 3951 791 4045 ThorgilsusHollc'efilius
814 3952 870 4018 ad
883 3947 1155 4042 Helgosellum
1178 3947 1333 4018 venitur
1362 3946 1638 4018 comitantibus
1656 3951 1771 4021 Gud-

158 4105 270 4154 runoe
284 4080 387 4172 filiis
407 4081 593 4172 sociisque
618 4081 698 4150 suis
708 4082 972 4176 jurejurando
998 4079 1061 4150 illi
1085 4077 1300 4168 adstrictis,
1314 4077 1498 4150 Haldoro
1516 4105 1564 4150 oc
1592 4081 1769 4176 Ornclso.

158 4217 251 4288 Sero
276 4213 339 4282 illi
352 4222 613 4305 pervenerunt
633 4209 925 4305 He'lgafellum,
960 4235 1052 4279 nam
1079 4233 1207 4278 omnes
1219 4211 1310 4306 jam
1333 4209 1506 4302 homines
1526 4213 1695 4284 cubitum
1713 4217 1771 4286 ie-

159 4359 263 4417 rant.
319 4346 510 4415 Gudruna
531 4365 692 4436 surgens
715 4354 860 4413 ceteros
883 4366 1040 4436 surgere
1049 4339 1215 4437 jubebat
1241 4341 1391 4437 illisque
1408 4342 1628 4438 hospitalia
1646 4347 1770 4442 officia

158 4491 354 4573 proestare
362 4502 375 4564 ,·
392 4488 482 4546 'tum
501 4473 741 4544 ccenaculum
751 4474 925 4566 ingressa
941 4473 1188 4567 leorgilsum
1204 4469 1254 4546 ac'
1267 4487 1427 4546 caterae
1440 4479 1597 4548 comites
1612 4480 1771 4548 saluta-

158 4611 225 4700 eit,
242 4611 400 4706 qvidqve
406 4619 558 4702 gestum
575 4617 671 4676 esset
683 4605 783 4674 inter
794 4605 960 4699 rogavit.
992 4603 1220 4699 Tlsorgilsus
1236 4595 1771 4704 Guclrunceresponclitsalu·

160 4743 324 4813 tatiani:
358 4739 582 4809 Amiculum
613 4751 693 4806 tum
715 4761 762 4806 oc
784 4761 897 4808 arrna
916 4748 1096 4822 exuerat,
1128 4733 1165 4806 8(
1187 4738 1376 4809 columnis
1406 4737 1570 4807 acclinis
1591 4740 1770 4811 consedit.

163 4874 394 4966 Tltorgilsus
417 4871 549 4941 tunica
567 4883 654 4942 erat
681 4871 840 4943 indutus
865 4871 990 4940 colore
1010 4838 1258 4966 ferruginea,
1293 4893 1341 4939 ac
1358 4869 1507 4938 cinctus
1526 4879 1770 4978 eratlmogno

1456 4999 1574 5070 ΝΜ
