4282 5714
940 498 1009 590 39

874 601 1087 628 Ἢ

168 747 232 820 illi
265 758 373 832 erat,
399 746 553 840 nomine
576 743 748 829 Hallus,
773 741 888 814 bomo
915 763 1070 835 magnas
1101 751 1267 840 staturas
1296 756 1412 839 atqve
1441 747 1561 840 spei,¹
1592 749 1658 821 sed
1689 763 1780 845 opes
1864 808 1871 824 .

166 882 350 968 deerant,
385 891 516 977 tamen
542 877 711 959 indolem
732 874 994 970 ingenuiorem
1018 873 1160 978 inesse,
1197 875 1375 974 plerique
1403 870 1622 948 credebant.
1684 881 1779 950 Ho-

165 1036 254 1084 rum
267 1013 453 1105 fratrum
478 1009 644 1081 multum
669 1007 871 1080 laboravit
903 1004 1122 1122 concordia.
1193 1008 1310 1104 lngja
1314 1007 1403 1078 lclus
1434 1007 1506 1087 boo
1525 1008 1777 1104 potissimum

165 1143 208 1214 in
221 1144 351 1215 Hallo
375 1138 699 1247 reprehendebat,
741 1141 842 1235 qvod
865 1163 943 1208 sese
961 1161 1109 1232 parum
1134 1122 1190 1208 ad
1207 1123 1475 1246 potentiorum
1503 1142 1676 1211 virorum
1692 1167 1779 1213 rno-

158 1297 226 1344 res
242 1275 482 1368 applicaret
547 1272 677 1343 Hallo
704 1283 836 1341 autem
861 1268 1065 1342 sedebatur
1083 1269 1200 1365 Ingya
1204 1267 1355 1358 l'dus,
1348 1295 1441 1342 suas
1467 1269 1780 1368 respbrumcu'-

163 1429 255 1477 rare
266 1417 338 1475 aut
353 1405 415 1474 acl
424 1403 659 1498 dignitatem
672 1403 870 1474 extollere
931 1403 1059 1474 Locus
1085 1415 1142 1473 est
1159 1403 1403 1498 piscatorius
1426 1403 1468 1474 in
1483 1391 1781 1501 Breidafjordo,

163 1539 227 1635 qvi
254 1513 761 1632 Bjarneyar'nuncupatus
790 1547 859 1606 est.
927 1533 1072 1608 Multae
1104 1533 1169 1616 ibi'
1189 1536 1330 1606 insulse
1358 1529 1517 1620 &villis
1542 1538 1779 1632 temporibus

164 1683 344 1765 capturas
368 1670 579 1745 admodum
604 1669 772 1757 idoneam
824 1666 889 1746 bia
920 1665 1028 1746 loom
1050 1668 1223 1746 multum
1254 1667 1521 1761 piscatoribus
1537 1668 1778 1766 frequenta·-

163 1801 292 1901 batur⁸
318 1797 356 1874 8<
397 1801 534 1898 qvaeis
569 1801 705 1904 hyeme
736 1799 952 1902 multituda
988 1823 1139 1894 magna
1173 1799 1374 1906 bominum
1414 1801 1553 1874 ibidem
1588 1807 1776 1898 convenit.

88 1929 90 1935 ⁸
160 1934 305 2030 Magni
335 1935 379 2014 id
401 1933 548 2024 referre
566 1935 783 2028 prudentes
800 1932 877 2002 viri
896 1945 1104 2030 putavere,
1133 1943 1178 2002 ut
1206 1933 1247 2004 iu
1270 1933 1367 2012 locis
1391 1935 1627 2028 piscatoriis
1647 1939 1787 2009 borni.

159 2091 227 2138 nes
255 2067 295 2134 in
316 2067 524 2134 concordia
550 2065 860 2146 continerentur,
903 2048 1023 2155 vulgo
1045 2064 1147 2132 enim
1177 2045 1407 2148 credebant,
1441 2067 1569 2136 minus
1590 2069 1776 2159 faustam

149 2199 246 2292 sore
258 2187 521 2291 piscaturam,
537 2195 593 2264 ‘si
610 2193 777 2264 dissidia
793 2193 1049 2277 exorirentur,
1071 2193 1242 2288 plurimi
1257 2195 1389 2288 itaque
1409 2195 1487 2267 viri
1502 2199 1671 2287 multum
1689 2216 1777 2276 stu-

159 2332 278 2402 duere
302 2325 401 2422 paci
433 2327 649 2400 servantes.
737 2324 910 2395 Hallum
932 2323 1111 2416 fratrem
1145 2323 1324 2420 Ingjaldi
1360 2327 1661 2424 Saudeyargodi
1691 2335 1775 2406 ali-

160 2463 317 2559 qeando
347 2460 403 2532 ad
429 2451 761 2554 Bjarncyas*)
788 2455 1028 2551 piscationis
1053 2481 1200 2536 caussa
1232 2458 1379 2540 uenisse
1412 2472 1672 2538 memoratum·
1696 2481 1774 2561 est3
1853 2519 1857 2524 -

160 2599 230 2670 ille
255 2593 440 2668 navalem
459 2589 534 2662 sibi
559 2588 709 2665 socium
739 2589 937 2681 assumsit,
963 2591 1091 2668 sirum
1116 2590 1345 2680 Tborolfum
1371 2593 1524 2672 nomine
1535 2643 1548 2678 ,
1571 2595 1774 2685 ,bominem

157 2726 535 2822 Breidjjbrdenscm,
584 2721 647 2794 cui
677 2745 770 2818 opes
788 2721 883 2814 sere
901 2721 1032 2801 nullae
1063 2745 1131 2824 neo
1157 2733 1285 2796 certus
1309 2723 1376 2792 lar
1385 2747 1399 2814 ‚·
1441 2736 1571 2800 tamen
1597 2743 1684 2800 erat
1712 2734 1773 2804 oir

161 2877 226 2938 sat
252 2861 429 2956 impiger.
496 2853 559 2926 Ibi
588 2855 740 2926 Hallus
765 2877 843 2950 per
868 2855 1032 2949 aliquod
1063 2865 1214 2951 tempus
1245 2821 1504 2928 commoratus
1536 2883 1616 2930 sese
1647 2887 1772 2960 supra

159 2999 264 3070 aleos
278 2993 444 3064 multum
471 2988 656 3058 extollere
678 2987 817 3082 coepit.
874 2987 1036 3062 Accidit
1067 3009 1225 3079 vespere
1250 2989 1438 3082 qvodam,
1471 3003 1516 3059 ut
1536 2992 1687 3064 Hallus
1703 3012 1773 3068 at-

160 3155 230 3229 qve
251 3118 463 3214 Tborolfus
482 3123 540 3190 ad
562 3132 709 3190 terram
732 3119 981 3213 appellerent
1006 3124 1248 3210 captura'qve
1267 3129 1365 3186 esset
1392 3110 1620 3193 dividendo.
1675 3127 1771 3202 Turn

158 3259 337 3336 Hallus:
362 3265 408 3324 et
416 3267 627 3348 capturam
643 3251 816 3323 dividere
841 3263 879 3319 et
898 3249 1115 3342 portiones
1126 3243 1268 3342 eligere
1281 3249 1397 3337 celle,
1424 3253 1536 3345 seqoe
1553 3255 1614 3322 uti
1625 3272 1772 3348 poten-

159 3361 427 3488 tiqremserrs.
485 3381 710 3472 ll'ltorolfus
721 3379 853 3450 autem
879 3379 997 3449 nibil
1005 3401 1033 3448 a
1059 3384 1132 3448 sua
1157 3403 1200 3448 re
1220 3379 1353 3448 cedere
1383 3390 1498 3473 atqve
1508 3381 1772 3473 ferocioribus

159 3529 220 3603 uti
247 3521 393 3609 verbim
435 3527 517 3586 tum
535 3515 638 3585 iuter
660 3535 725 3582 eos
749 3509 1064 3593 ortnnontonsto
1079 3522 1117 3580 et
1132 3522 1290 3603 uterqos
1314 3510 1499 3601 opposita
1531 3523 1769 3600 contendere,

163 3663 261 3740 Tum
271 3649 421 3731 Hallus
437 3645 664 3738 concisoria,
680 3645 781 3739 qvod
796 3643 859 3726 illi
876 3655 964 3717 erat
982 3643 1038 3752 ad
1055 3665 1226 3730 mantem,
1246 3653 1425 3750 correpto
1446 3643 1634 3754 Tlsorolfo
1650 3671 1772 3750 capnt
1806 3702 1807 3706 η

161 3791 408 3892 impingere
405 3781 547 3872 uoluit5
579 3779 670 3874 jam
690 3778 935 3904 advenerunt
969 3799 1033 3881 qap
1026 3774 1356 3900 'intercederent
1363 3774 1533 3861 Hallum
1556 3781 1772 3860 cohibentes

161 3927 230 3996 ille
244 3922 523 4012 e'eropraeceps
544 3909 607 3980 ird
619 3909 768 4036 fertur
773 3933 821 3979 ea
839 3896 920 3979 biae
929 3894 1070 3976 tamen
1088 3900 1215 3976 sinete
1213 3905 1267 3974 llo
1285 3873 1458 3998 lffectu,
1454 3895 1772 4014 neqvetunscap-

112 4079 116 4089 ’
162 4074 254 4130 tura
273 4029 533 4122 dividebatur.
594 4041 739 4112 Eodem
763 4025 919 4133 vespere
937 4036 1166 4127 Tborolsus
1189 4005 1308 4124 abiit,
1338 4036 1492 4111 'Hallus
1520 4064 1772 4142 oeroeaptu-

162 4211 262 4274 ram,
284 4177 383 4277 ζᾳιὶὶιε
410 4173 616 4268 utriusque
636 4193 731 4240 sano
751 4181 858 4258 crat,
882 4169 1138 4240 commestus
1164 4159 1380 4261 occupavit.
1440 4175 1489 4242 In
1513 4176 1585 4246 lntc
1601 4183 1772 4254 veroin-

160 4316 285 4418 sigm's
309 4307 502 4412 potentias
530 4300 769 4401 differentia,
808 4377 810 4382 ,
843 4301 996 4374 Hallus
1022 4313 1162 4372 autem
1194 4301 1340 4375 sosium
1371 4303 1446 4376 sibi
1477 4309 1660 4380 navalem
1686 4315 1771 4385 loco

167 4447 338 4544 mroffi
349 4439 587 4540 masteng
600 4439 955 4543 jamqgeutpntea
972 4435 1194 4528 piscatura
1209 4439 1504 4533 qperamdedit.
1553 4439 1772 4540 ¹‘I'lcorollus

513 4617 519 4638 ¹
540 4619 545 4627 “
576 4618 580 4624 ’
625 4615 628 4626 '
703 4613 710 4674 J
760 4643 763 4650 ·
1005 4613 1040 4673 “r

211 4762 240 4846 t)
264 4764 337 4826 Em
358 4763 392 4818 in
416 4754 631 4838 Squdepar
654 4753 795 4830 legatur,
809 4750 997 4826 judicamus
1020 4747 1077 4825 boc
1099 4751 1147 4808 sic
1170 4747 1308 4824 dandum
1331 4767 1413 4824 esse,
1434 4749 1524 4840 illud
1537 4751 1618 4811 enim
1640 4769 1708 4844 cunr
1729 4774 1771 4814 an

295 4871 499 4935 tecedentibus
519 4889 580 4928 non
598 4869 748 4928 conuenit.
