4274 5728
892 627 992 714 255

125 873 274 944 dentur.
361 875 411 943 In
453 897 538 946 reos
577 873 704 944 Boliii
746 877 887 946 caedem
928 873 1130 947 vindicare
1162 877 1303 970 cupiet.
1393 878 1621 976 Tiiorgilsus
1655 889 1764 980 qvis

124 1008 210 1077 dem
217 1057 229 1092 ,
255 1005 361 1097 Hali
362 1005 469 1098 cefil'
456 1031 533 1096 rus,
559 1031 645 1076 earu
659 1007 834 1098 consiliis
853 1009 1042 1103 adjuvare
1057 1033 1137 1080 sese
1153 1007 1397 1103 arbitratur,
1423 1013 1562 1106 etstan
1588 1019 1737 1111 quidem

120 1152 277 1248 potest3
318 1141 415 1232 qood
443 1139 515 1222 bac
545 1139 609 1210 ilii
627 1163 777 1232 parum
797 1142 972 1234 placeat.
1042 1141 1149 1211 Milii
1182 1155 1314 1214 autem
1349 1145 1541 1216 Gudruaa
1571 1149 1739 1240 perbene

119 1273 268 1368 piacet.
317 1271 475 1340 Snorro
497 1251 599 1341 dixit
623 1274 704 1364 ejus
727 1273 784 1341 rei
799 1297 869 1365 ogo
892 1271 932 1341 in
951 1297 1011 1342 me
1034 1275 1253 1345 cautionem
1277 1277 1510 1370 suscipiam,
1538 1283 1639 1372 qood
1666 1281 1738 1351 tibi

129 1405 360 1496 [l'norgitsus
376 1403 480 1472 niltii
495 1403 594 1472 maii
609 1405 769 1494 inferet;
795 1399 832 1473 8<
844 1403 916 1473 itoc
926 1405 1072 1499 quidem
1089 1411 1328 1500 sperandum
1339 1409 1508 1504 judico‚.
1522 1413 1631 1505 qood,
1658 1416 1740 1483 ali-

125 1531 384 1633 qvibusreirus
396 1537 517 1630 gestis
531 1548 624 1605 ante
636 1536 823 1629 proxima
847 1537 931 1606 hoec
946 1540 1147 1608 semestria
1163 1542 1455 1636 praeterlapsa,
1479 1543 1607 1614 Boliii
1623 1547 1741 1616 credis

125 1670 226 1746 ultio
246 1681 416 1762 peracta
439 1669 502 1738 sit.
564 1669 793 1768 Tumultus
811 1670 1036 1776 respondit:
1058 1668 1155 1762 steri
1177 1673 1324 1766 quidem
1342 1685 1496 1766 potest,
1524 1677 1625 1769 qvod
1642 1677 1767 1747 milii·

122 1804 196 1875 hoc
214 1825 385 1882 sermione
400 1800 511 1880 itaud
528 1800 642 1870 uerba
657 1803 782 1870 solum
800 1803 883 1890 des,
909 1804 1008 1896 qood
1021 1815 1151 1872 autem
1161 1803 1288 1876 Boilii
1301 1803 1420 1876 coedis
1435 1805 1621 1875 ultionem
1638 1809 1742 1877 atti-

121 1949 209 2024 net,
233 1933 343 2004 haud
359 1932 431 2000 illa
440 1931 528 2024 jam
536 1932 709 2026 facilior
723 1933 878 2004 videtur
898 1956 1013 2026 qvam
1031 1934 1235 2036 aliquanto
1253 1947 1347 2006 ante
1353 1936 1442 2026 fuit
1452 1949 1635 2029 tempore,
1663 1940 1741 2010 nisi
1878 1899 1882 1906 Ι

121 2070 276 2162 aliquot
297 2074 527 2156 magnatum
554 2063 595 2131 in
622 2064 739 2156 liujus
762 2086 892 2131 causae
912 2077 1054 2156 partes
1074 2065 1244 2135 ueniant.
1296 2045 1581 2138 Snorro'dixit:
1602 2070 1740 2162 piacet

13 2267 15 2278 ,
119 2200 222 2270 ιιιὶΙιί
241 2195 408 2294 quidem,
434 2195 494 2263 uti
507 2192 585 2264 liae
602 2207 740 2263 oestate
754 2217 917 2288 peregre
940 2189 1205 2288 proficiscare.
1264 2161 1421 2266 Deinde
1443 2221 1527 2292 qvae
1542 2197 1644 2292 fient
1669 2225 1742 2272 ex-

121 2343 351 2428 spectemus.
414 2327 448 2397 Τ
445 2325 642 2396 berbellus
661 2349 700 2395 se
723 2326 781 2394 ita
791 2327 1002 2416 facturum
1016 2326 1203 2420 promisit
1209 2335 1230 2414 ,'
1254 2327 1313 2396 ita
1331 2328 1549 2400 discessere.
1610 2332 1739 2404 Tlior-

122 2466 252 2535 kellus
266 2484 399 2534 versus
417 2461 648 2528 occidentem
663 2457 981 2552 Breidafio'rdum
994 2459 1150 2545 traiecit
1157 2509 1172 2542 ,
1204 2471 1317 2554 atqve
1331 2461 1387 2532 ad
1402 2462 1533 2534 navim
1547 2465 1738 2558 pervenit.

122 2597 306 2670 Grimum
324 2616 449 2662 secum
464 2590 630 2661 abduxit
635 2616 650 2682 ,·
670 2592 818 2682 fausto
835 2615 881 2662 ea
898 2603 1037 2662 astate
1049 2591 1112 2664 usi
1131 2603 1241 2662 vento
1257 2593 1314 2662 ad
1331 2592 1608 2666 meridionalia
1630 2597 1740 2680 Nor-

119 2731 251 2825 vagia
265 2727 467 2820 appulere.
525 2723 631 2797 Tunc
650 2724 879 2816 Tirorkellus
897 2723 1075 2824 Grimum
1093 2723 1151 2792 ita
1169 2724 1367 2794 allocutus
1376 2736 1455 2794 est:
1481 2725 1553 2796 tibi
1565 2739 1660 2800 nota
1682 2741 1740 2800 est

120 2886 257 2936 causac
284 2857 477 2946 conditio,
525 2851 563 2927 8<
591 2857 700 2952 quoii
720 2868 844 2952 pacto
868 2855 909 2925 iu
938 2879 1064 2954 aream
1084 2943 1087 2950 Ι
1094 2855 1310 2948 pervenisti
1341 2839 1584 2947 societatem,
1630 2861 1741 2956 iiaud

118 3001 254 3092 itaque
268 2993 370 3062 illud
388 3011 602 3058 memorare
622 3011 719 3079 opus
739 3000 795 3054 est
804 3011 818 3074 ,-
847 3009 976 3057 oerum
995 2999 1123 3055 tamea
1138 3009 1314 3078 cuperem
1320 3035 1334 3072 ,
1365 2999 1409 3056 ut
1421 2989 1554 3056 eadem
1570 3012 1653 3059 cum
1662 2994 1740 3062 mi-

113 3125 281 3202 noribus
293 3119 485 3218 periculis
490 3115 680 3208 finiretur
698 3139 813 3208 qoam
831 3114 1051 3209 quibuscum
1069 3115 1299 3185 instaurata
1316 3127 1373 3184 est
1378 3139 1394 3204 ;
1419 3123 1465 3186 at
1475 3141 1543 3210 ego
1560 3130 1597 3192 te
1612 3123 1739 3193 virum

114 3268 322 3332 strenuum
342 3245 598 3344 deprehendi,
625 3249 782 3339 ideoqve
800 3259 835 3316 to
853 3247 911 3314 ita
928 3247 1137 3330 dimittam,
1164 3259 1208 3314 ut
1228 3247 1264 3314 si
1281 3246 1379 3316 milii
1398 3271 1592 3340 nunqnam
1606 3251 1739 3342 fuerit

114 3387 286 3484 aliquod
310 3385 351 3453 in
376 3395 412 3453 te
438 3381 580 3450 odium.
608 3469 610 3472 Ι
639 3377 853 3450 Pecuniam
878 3399 1018 3471 quoque
1038 3375 1109 3445 tibi
1126 3387 1282 3445 tantam
1298 3377 1471 3460 tradam,
1498 3379 1559 3448 uti
1569 3380 1737 3467 fortium

23 3513 28 3522 ⁸
114 3527 298 3599 uirorum
315 3514 538 3585 societatem
556 3509 657 3584 inire
674 3531 798 3604 queas.
848 3509 939 3586 Iam
953 3520 1103 3599 autem,
1129 3533 1176 3592 ne
1193 3508 1259 3596 liic
1277 3507 1317 3598 ip
1335 3507 1413 3600 ista
1436 3521 1542 3579 terra
1564 3535 1737 3602 maneas,

114 3653 240 3736 inculti
256 3649 358 3734 enirn
372 3647 466 3734 Eidi
478 3643 636 3738 cognati
648 3641 975 3738 peregrinantur,
1000 3641 1135 3736 quibus
1145 3667 1270 3736 grave
1288 3641 1329 3726 in
1344 3651 1380 3710 te
1394 3642 1523 3728 odium
1533 3655 1602 3712 est.
1639 3645 1739 3716 Gri-

114 3813 209 3886 ›pns
228 3783 273 3861 ob
288 3783 372 3862 Itaea
387 3780 498 3872 iliius
514 3775 626 3850 verba
642 3774 803 3874 gratias
819 3773 899 3880 egit
912 3797 1060 3870 negans
1083 3799 1122 3843 se
1140 3785 1293 3844 tantum
1305 3795 1423 3868 posse
1433 3786 1587 3868 petere,
1613 3800 1738 3871 quan-

116 3937 206 3995 tum
225 3918 292 3994 ille
310 3912 503 3984 obtulerit.
555 3908 824 3976 Discedentem
841 3907 954 3976 illum
974 3907 1203 3976 Tuos-teum
1218 3929 1363 4000 magna
1383 3905 1737 4002 dona-oitpecunia‚

113 4021 262 4126 multis
281 4045 337 4112 ita
352 4043 492 4127 visum,
527 4039 586 4108 uti
600 4038 676 4106 noc
692 4037 895 4131 magnifice
910 4037 1186 4128 essetsactum.
1237 4035 1393 4106 ¹Deindi
1421 4038 1579 4108 Grimus
1605 4041 1738 4112 orien-

115 4201 202 4256 tem
215 4199 345 4252 oorsus
365 4175 406 4243 in
426 4173 467 4244 V
465 4173 569 4240 iiam
586 4169 660 4237 iter
665 4169 768 4258 jecit
785 4168 905 4263 ibique
914 4167 1004 4260 fixit
1016 4167 1296 4256 habitaculum,
1312 4169 1738 4274 strenuusoiriiabitus.

114 4321 193 4390 Ita
210 4308 337 4382 Grimi
348 4304 514 4378 historia
516 4299 650 4394 finita.
693 4299 920 4371 Titorkelius
929 4291 974 4372 ea
985 4301 1119 4398 hyeme
1129 4301 1169 4370 in
1179 4301 1385 4395 Narragia
1395 4302 1500 4398 degit
1509 4327 1557 4373 ac
1567 4303 1738 4376 illustris

114 4445 349 4523 habiturust
362 4430 432 4510 uir.
474 4438 602 4530 Opum
616 4431 773 4522 iiiisuit
788 4431 914 4510 muita
932 4434 1048 4528 copia
1064 4459 1112 4504 ac
1127 4457 1273 4528 magna
1293 4433 1415 4524 irufuit
1419 4433 1611 4527 serverin
1626 4434 1737 4506 rebus
1806 4425 1807 4428 ¹
1892 4531 1896 4539 ³

115 4575 302 4676 agendis.
357 4569 465 4667 [Iam
480 4569 570 4639 inde
579 4589 657 4660 per
673 4543 835 4662 aliquod
852 4578 1009 4663 ternpus.
1019 4567 1282 4638 revertendum
1295 4591 1344 4648 ac
1359 4567 1548 4638 Islandioe
1559 4563 1736 4666 ⁴historia

117 4707 361 4810 repetenda,
375 4701 701 4794 audiendumqve,
733 4699 827 4796 qvid
851 4697 1115 4798 ibilnovarum
1136 4722 1265 4774 rerum
1279 4711 1466 4797 geratur,
1500 4697 1590 4766 dum
1610 4693 1737 4765 Thor-

118 4843 252 4919 keilus
263 4860 427 4936 peregre
439 4827 648 4926 moratur}
