4262 5722
845 511 1060 638 ..o-1..

144 767 210 841 ubi
229 767 298 840 iile
320 767 392 840 tibi
416 767 457 840 in
474 764 838 862 Hoammesjtirdum
853 763 1174 861 promerentem
1182 815 1195 851 ,
1236 767 1348 837 credo
1369 767 1483 840 iilum
1504 769 1608 841 lzunc
1630 771 1759 866 ipsum

142 904 270 974 einum
296 901 436 973 ultimo
455 902 549 974 tritoe
570 912 741 996 tempore
767 899 990 991 aditorum,
1024 919 1093 970 nec
1116 897 1234 993 hujus
1254 902 1394 975 somnii
1414 901 1671 996 prolixiorem
1687 930 1758 976 ca-

136 1036 414 1130 planationern
428 1032 604 1104 exhibea·
626 1033 834 1122 Gudruna,
856 1033 948 1106 dura
966 1033 1108 1104 Gestus
1123 1032 1275 1104 comnia
1293 1033 1633 1130 interpretaretur,
1648 1037 1758 1108 mul-

140 1179 223 1240 tum
237 1168 391 1240 eruhuit
398 1192 414 1260 ,·
438 1168 592 1238 nullum
608 1177 737 1237 tamen
751 1165 907 1238 verbum
922 1163 1149 1262 loquebatur
1164 1177 1369 1263 antequam
1382 1169 1522 1239 Gestuc
1534 1137 1651 1240 'cuum
1669 1193 1757 1240 ser-

136 1323 287 1372 monem
297 1299 503 1394 finivisset.
546 1301 582 1371 Τ
577 1324 642 1370 um
659 1301 853 1380 Gudruna
860 1299 1072 1392 sanctiora
1080 1349 1093 1386 ,
1121 1298 1262 1395 inquit,
1274 1267 1488 1396 'praesagia
1507 1301 1547 1372 in
1562 1301 1624 1372 trie
1640 1326 1756 1398 repe-

139 1432 274 1524 rietes,
308 1435 344 1504 ei
365 1457 436 1530 ego
460 1433 519 1504 ita
542 1457 623 1505 rem
649 1431 890 1525 retuiieeem5
930 1455 1059 1503 verum
1081 1444 1211 1503 tamen
1228 1433 1389 1528 gratias
1409 1433 1480 1504 tibi
1495 1458 1571 1529 ago
1586 1401 1756 1530 proirac
1826 1469 1829 1474 ·

138 1549 421 1660 explanatione
441 1566 689 1638 somniorum.
742 1555 937 1659 Magnum
955 1555 1086 1636 tamea
1098 1566 1239 1655 fatum
1260 1537 1443 1653 imminet,
1463 1566 1499 1636 ti
1521 1567 1605 1638 itoec
1624 1569 1763 1639 omnia

137 1707 253 1768 erunt
276 1711 382 1770 rata.
442 1701 537 1771 Tum
562 1681 756 1771 Gudruna
783 1700 944 1768 Gestum
975 1699 1119 1770 iterum
1143 1699 1317 1794 rogavit,
1344 1711 1388 1770 ut
1415 1721 1462 1768 ea
1489 1699 1552 1771 die
1573 1699 1628 1770 ibi
1647 1723 1755 1772 com-

136 1844 360 1903 moraretur
368 1857 383 1924 3
409 1834 542 1904 dicens
561 1833 674 1904 illum
692 1832 909 1927 sapientem
928 1854 1013 1902 curn
1024 1832 1162 1904 oscito
1179 1847 1388 1906 sermonem
1401 1831 1641 1916 habitururn.
1677 1807 1755 1906 Jtt'e

135 1965 364 2058 respondit:
398 1965 492 2036 dam
507 1965 663 2062 'quidem
681 1989 750 2059 ego
774 1964 930 2034 iterati
954 1963 1112 2034 institui
1122 1963 1302 2056 jaciam,
1332 1987 1464 2036 uerum
1490 1977 1619 2036 tamen
1637 1963 1755 2061 patri

135 2119 264 2168 meam
283 2097 567 2169 salutationem
584 2097 726 2166 nuntia
745 2107 858 2190 atqve
876 2096 959 2166 hac
977 2095 1097 2164 simul
1108 2119 1194 2165 mea
1214 2094 1351 2167 verba:
1383 2118 1463 2166 rem
1478 2117 1521 2166 eo
1538 2109 1755 2186 venturam,

135 2237 183 2296 ut
198 2227 298 2299 milei
318 2228 590 2302 habitaculum
608 2229 661 2297 cit
682 2228 816 2299 Oevioi
835 2229 947 2298 domo
961 2226 1128 2299 vicinius
1145 2251 1260 2322 qvam
1280 2213 1383 2296 illud
1398 2215 1501 2296 nunc
1519 2238 1596 2314 cet,
1621 2224 1659 2299 δ’(
1674 2240 1756 2299 tum

135 2358 214 2428 erit
232 2359 416 2460 colloquii
433 2360 579 2457 quidem
600 2359 735 2454 copia,
760 2360 795 2429 ci
813 2359 928 2429 nulla
946 2357 1034 2428 alia
1058 2382 1121 2429 rec
1147 2357 1256 2428 obsit.
1279 2333 1660 2466 'Deinde'Gudruna
1680 2361 1755 2431 do-

134 2477 242 2561 mum
267 2491 396 2562 rediit.
439 2495 581 2564 Gestue
605 2503 736 2562 autem
758 2493 983 2587 profectur,
1007 2491 1212 2584 famulum
1239 2491 1354 2564 Olavi
1376 2493 1433 2562 ad
1449 2459 1648 2587 aggerem,
1685 2515 1755 2586 qvo

135 2603 303 2720 campus
327 2623 437 2697 oilla
455 2624 664 2721 proximus
689 2625 955 2694 circumdatae
979 2633 1087 2712 erat,
1113 2625 1302 2696 conuenit.
1354 2621 1605 2695 IlleGectum
1639 2623 1756 2697 Otavi

136 2757 277 2830 nuntio
298 2757 638 2854 Hjardarlcaltum
661 2743 860 2830 invitavit.
925 2756 1066 2828 (iectus
1082 2778 1129 2826 ea
1149 2756 1212 2826 die
1234 2757 1401 2828 Olauum
1425 2779 1465 2828 ce
1480 2769 1755 2830 conventurum

136 2901 402 2962 verumtamen
425 2890 720 2984 Tirykkvackogi
741 2866 946 2984 irocpitari
968 2913 1008 2958 ee
1026 2888 1125 2960 cette
1143 2887 1375 2984 affirmavit,
1400 2889 1582 2984 famulus
1600 2891 1754 2960 domum

136 3022 305 3108 redient,
330 3045 410 3090 rem
432 3021 606 3122 utiocto
630 3033 736 3108 erat,
770 3021 935 3090 Olavum
953 3019 1096 3088 docuit.
1155 3021 1425 3116 Olaouseqooc
1450 3022 1596 3092 adduci
1612 3021 1754 3116 jubens
1825 3107 1832 3118 Ι

136 3175 226 3223 cum
237 3151 382 3246 paucio
392 3151 510 3220 Gesta
521 3147 670 3219 obviam
685 3173 775 3245 equo
789 3147 961 3238 vehitur3
987 3149 1044 3218 ad
1057 3169 1167 3218 mare
1185 3149 1248 3218 itti
1259 3153 1439 3221 occurrit.
1489 3154 1627 3222 Laetuc
1641 3154 1755 3222 illum

138 3285 288 3356 olavus
304 3283 472 3376 excepit,
497 3304 654 3374 eumque
680 3303 766 3349 cum
786 3291 867 3348 toto
886 3261 997 3348 illiue
1013 3279 1201 3348 comitatu
1224 3283 1280 3348 ad
1302 3305 1343 3349 ee
1368 3282 1559 3352 invitavit.
1614 3284 1754 3352 Gestue

131 3439 214 3514 pro
232 3413 464 3488 invitatione
481 3411 546 3482 iili
562 3434 683 3506 agene
692 3379 871 3505 gratius,
904 3409 960 3478 ad
985 3409 1100 3498 Olavi
1128 3409 1267 3480 villam
1292 3433 1332 3480 oe
1355 3410 1615 3505 eqvitaturum
1641 3424 1755 3508 atqve

84 3565 86 3572 ’
135 3551 223 3649 q'ue
246 3537 478 3619 habitacula
502 3543 878 3648 contemplatarum,
914 3563 1047 3612 oerum
1068 3551 1198 3612 tamen
1214 3542 1327 3635 apud
1340 3539 1559 3613 Armodum
1580 3543 1754 3638 hospitio

135 3703 315 3767 usurum,
339 3703 365 3748 a
393 3679 561 3751 armavit.
606 3678 747 3748 Geetus
765 3672 869 3750 brevi
884 3670 939 3744 ibi
953 3673 1101 3768 q'videm
1118 3686 1296 3748 moratus
1305 3675 1492 3770 pleraqve
1507 3687 1636 3751 tamen
1647 3676 1755 3750 oilla

10 3819 12 3828 “
138 3813 334 3908 inspexit,
369 3813 501 3884 omnia
521 3811 757 3882 collaudans
763 3858 776 3894 ,
810 3817 848 3880 et
868 3805 910 3875 in
928 3829 973 3879 ea
992 3805 1088 3877 villa
1107 3805 1616 3902 adificaadaparoumeece
1627 3831 1754 3904 pecu·

137 3945 219 4025 nice
236 3945 403 4039 negavit.
458 3944 605 4014 Olaouc
624 3943 784 4012 Gestura
802 3937 1017 4031 adflumen
1033 3939 1149 4010 Loxa
1168 3939 1390 4010 comitatur.
1449 3941 1674 4032 Kiartanue
1687 3952 1757 4010 at-

139 4075 377 4174 qveBaltiuc
391 4097 437 4145 ea
455 4074 518 4162 die
528 4074 661 4142 nando
678 4094 757 4140 sese
767 4069 1004 4140 exercebant.
1035 4067 1235 4160 Olaoifilii
1246 4072 1287 4140 in
1302 4073 1757 4170 hocludofuerepriaci-

137 4231 225 4304 pec,
248 4205 367 4276 etiarn
386 4207 434 4276 de
452 4205 546 4275 aliie
561 4202 669 4276 cittis
684 4198 801 4270 multi
807 4199 969 4293 juvenes
986 4201 1111 4271 nandi
1127 4203 1321 4272 exercitiis
1337 4203 1558 4298 interfuere.
1582 4205 1758 4276 Kiarta-

142 4364 219 4412 nue
236 4339 448 4412 ocBolliuc
459 4364 505 4409 ex
515 4359 614 4433 aqva
630 4342 877 4427 emergentes,
891 4332 1112 4403 cohorteod
1126 4357 1165 4403 ce
1181 4337 1374 4430 equitante
1384 4351 1604 4432 conspecta,
1616 4337 1756 4433 pluri-.-

140 4497 210 4542 ma
229 4473 440 4544 induerant
454 4451 694 4554 vestimenta,
721 4465 948 4538 adveniente
959 4449 1075 4536 Geato
1093 4479 1205 4562 atque
1218 4457 1353 4538 Oinoa.
1393 4471 1758 4566 Gestuepauiisper
1850 4499 1855 4504 ·

143 4605 315 4674 intuitus
331 4607 489 4696 juvenen
506 4601 663 4696 rogavit
680 4601 856 4689 olavum,
879 4597 945 4670 ubi
957 4597 1182 4671 Kiartanue
1208 4601 1424 4674 concideret
1441 4616 1554 4699 atque
1570 4601 1636 4676 ubi
1654 4597 1757 4670 Bol-

280 4799 362 4877 qood
372 4799 511 4878 galeam.
557 4797 622 4860 Sed
632 4809 733 4857 tamen
750 4811 840 4857 tanta
863 4811 907 4858 eet
928 4802 1010 4857 tuter
1026 4797 1086 4857 hae
1109 4819 1197 4858 aocet
1221 4804 1292 4860 cont
1306 4798 1498 4869 similitudo,
1519 4809 1553 4858 at
1573 4798 1642 4876 qvis
1652 4791 1758 4873 facile

281 4893 413 4944 tentetur
429 4881 527 4966 mythi
545 4881 703 4964 quandam
720 4881 959 4944 similtudinem
976 4893 1032 4944 aut
1047 4885 1261 4962 cognationem
1277 4885 1372 4944 ettam
1385 4883 1588 4940 comminisci.

1488 4997 1560 5067 Rc
