<?xml version="1.0" encoding="UTF-8"?>
<!DOCTYPE html PUBLIC "-//W3C//DTD XHTML 1.0 Transitional//EN"
    "http://www.w3.org/TR/xhtml1/DTD/xhtml1-transitional.dtd">
<html xmlns="http://www.w3.org/1999/xhtml" xml:lang="en" lang="en">
 <head>
  <title>
</title>
<meta http-equiv="Content-Type" content="text/html;charset=utf-8" />
  <meta name='ocr-system' content='tesseract 3.04.00' />
  <meta name='ocr-capabilities' content='ocr_page ocr_carea ocr_par ocr_line ocrx_word'/>
</head>
<body>
  <div class='ocr_page' id='page_1' title='image "./laxdlasagasiveh01stifgoog_0252.png"; bbox 0 0 4274 5728; ppageno 0'>
   <div class='ocr_carea' id='block_1_1' title="bbox 844 449 1184 632">
    <p class='ocr_par' dir='ltr' id='par_1_1' title="bbox 844 449 1184 632">
     <span class='ocr_line' id='line_1_1' title="bbox 844 449 1184 632; baseline -0.006 -174"><span class='ocrx_word' id='word_1_1' title='bbox 844 501 1065 632; x_wconf 48' lang='lat' dir='ltr'><em>E</em></span> <span class='ocrx_word' id='word_1_2' title='bbox 1181 449 1184 456; x_wconf 85' lang='lat'><em>.</em></span> 
     </span>
    </p>
   </div>
   <div class='ocr_carea' id='block_1_2' title="bbox 97 749 1882 3352">
    <p class='ocr_par' dir='ltr' id='par_1_2' title="bbox 139 749 1758 1249">
     <span class='ocr_line' id='line_1_2' title="bbox 142 749 1758 850; baseline 0.003 -26"><span class='ocrx_word' id='word_1_3' title='bbox 142 751 345 826; x_wconf 79' lang='lat' dir='ltr'><em>restitutus</em></span> <span class='ocrx_word' id='word_1_4' title='bbox 352 777 367 845; x_wconf 89' lang='lat'><em>,·</em></span> <span class='ocrx_word' id='word_1_5' title='bbox 387 764 529 850; x_wconf 81' lang='lat' dir='ltr'><em>posteo</em></span> <span class='ocrx_word' id='word_1_6' title='bbox 540 749 655 824; x_wconf 84' lang='lat' dir='ltr'><em>Anus</em></span> <span class='ocrx_word' id='word_1_7' title='bbox 672 751 929 849; x_wconf 80' lang='lat' dir='ltr'><em>Ventrivirga</em></span> <span class='ocrx_word' id='word_1_8' title='bbox 949 767 1199 848; x_wconf 79' lang='lat' dir='ltr'><em>nuncupatus</em></span> <span class='ocrx_word' id='word_1_9' title='bbox 1222 767 1289 826; x_wconf 87' lang='lat' dir='ltr'><em>est.</em></span> <span class='ocrx_word' id='word_1_10' title='bbox 1341 755 1423 828; x_wconf 88' lang='lat' dir='ltr'><em>Hic</em></span> <span class='ocrx_word' id='word_1_11' title='bbox 1443 767 1574 828; x_wconf 87' lang='lat' dir='ltr'><em>autem</em></span> <span class='ocrx_word' id='word_1_12' title='bbox 1596 759 1758 830; x_wconf 87' lang='lat' dir='ltr'><em>nuntius</em></span> 
     </span>
     <span class='ocr_line' id='line_1_3' title="bbox 142 871 1756 986; baseline 0.002 -28"><span class='ocrx_word' id='word_1_13' title='bbox 142 909 227 963; x_wconf 84' lang='lat' dir='ltr'><em>cum</em></span> <span class='ocrx_word' id='word_1_14' title='bbox 242 889 299 958; x_wconf 85' lang='lat' dir='ltr'><em>ad</em></span> <span class='ocrx_word' id='word_1_15' title='bbox 316 889 480 960; x_wconf 78' lang='lat' dir='ltr'><em>Oiaeum</em></span> <span class='ocrx_word' id='word_1_16' title='bbox 489 885 686 960; x_wconf 80' lang='lat' dir='ltr'><em>Hbskuidi</em></span> <span class='ocrx_word' id='word_1_17' title='bbox 700 883 828 980; x_wconf 81' lang='lat' dir='ltr'><em>filium</em></span> <span class='ocrx_word' id='word_1_18' title='bbox 846 886 1002 958; x_wconf 85' lang='lat' dir='ltr'><em>delatus</em></span> <span class='ocrx_word' id='word_1_19' title='bbox 1011 900 1125 978; x_wconf 79' lang='lat' dir='ltr'><em>esset,</em></span> <span class='ocrx_word' id='word_1_20' title='bbox 1142 871 1281 983; x_wconf 79' lang='lat' dir='ltr'><em>gravis</em></span> <span class='ocrx_word' id='word_1_21' title='bbox 1296 887 1359 960; x_wconf 87' lang='lat' dir='ltr'><em>illi</em></span> <span class='ocrx_word' id='word_1_22' title='bbox 1374 889 1458 961; x_wconf 83' lang='lat' dir='ltr'><em>visa</em></span> <span class='ocrx_word' id='word_1_23' title='bbox 1467 892 1660 986; x_wconf 81' lang='lat' dir='ltr'><em>Kjortani</em></span> <span class='ocrx_word' id='word_1_24' title='bbox 1677 916 1756 962; x_wconf 86' lang='lat' dir='ltr'><em>cae-</em></span> 
     </span>
     <span class='ocr_line' id='line_1_4' title="bbox 140 1019 1756 1119; baseline 0.002 -29"><span class='ocrx_word' id='word_1_25' title='bbox 140 1020 220 1106; x_wconf 91' lang='lat' dir='ltr'><em>des,</em></span> <span class='ocrx_word' id='word_1_26' title='bbox 224 1020 395 1114; x_wconf 83' lang='lat' dir='ltr'><em>fortiter</em></span> <span class='ocrx_word' id='word_1_27' title='bbox 411 1032 541 1092; x_wconf 86' lang='lat' dir='ltr'><em>tomen</em></span> <span class='ocrx_word' id='word_1_28' title='bbox 558 1021 794 1105; x_wconf 81' lang='lat' dir='ltr'><em>boematum</em></span> <span class='ocrx_word' id='word_1_29' title='bbox 812 1020 1014 1110; x_wconf 78' lang='lat' dir='ltr'><em>sustinuit5</em></span> <span class='ocrx_word' id='word_1_30' title='bbox 1031 1020 1141 1092; x_wconf 85' lang='lat' dir='ltr'><em>illius</em></span> <span class='ocrx_word' id='word_1_31' title='bbox 1149 1020 1233 1115; x_wconf 85' lang='lat' dir='ltr'><em>filii</em></span> <span class='ocrx_word' id='word_1_32' title='bbox 1252 1019 1427 1093; x_wconf 86' lang='lat' dir='ltr'><em>Bollium</em></span> <span class='ocrx_word' id='word_1_33' title='bbox 1441 1025 1577 1093; x_wconf 88' lang='lat' dir='ltr'><em>statim</em></span> <span class='ocrx_word' id='word_1_34' title='bbox 1592 1027 1756 1119; x_wconf 80' lang='lat' dir='ltr'><em>aggredi</em></span> 
     </span>
     <span class='ocr_line' id='line_1_5' title="bbox 139 1151 1755 1249; baseline 0.003 -28"><span class='ocrx_word' id='word_1_35' title='bbox 139 1151 371 1224; x_wconf 87' lang='lat' dir='ltr'><em>acoccidere</em></span> <span class='ocrx_word' id='word_1_36' title='bbox 390 1156 554 1226; x_wconf 82' lang='lat' dir='ltr'><em>coluere.</em></span> <span class='ocrx_word' id='word_1_37' title='bbox 584 1153 732 1238; x_wconf 81' lang='lat' dir='ltr'><em>Olacus</em></span> <span class='ocrx_word' id='word_1_38' title='bbox 750 1153 865 1224; x_wconf 81' lang='lat' dir='ltr'><em>dixit:</em></span> <span class='ocrx_word' id='word_1_39' title='bbox 878 1153 951 1249; x_wconf 79' lang='lat' dir='ltr'><em>boc</em></span> <span class='ocrx_word' id='word_1_40' title='bbox 963 1153 1073 1222; x_wconf 86' lang='lat' dir='ltr'><em>nullo</em></span> <span class='ocrx_word' id='word_1_41' title='bbox 1086 1153 1309 1247; x_wconf 77' lang='lat' dir='ltr'><em>pactofiot5</em></span> <span class='ocrx_word' id='word_1_42' title='bbox 1336 1155 1467 1226; x_wconf 80' lang='lat' dir='ltr'><em>baud</em></span> <span class='ocrx_word' id='word_1_43' title='bbox 1488 1157 1565 1228; x_wconf 92' lang='lat' dir='ltr'><em>eni</em></span> <span class='ocrx_word' id='word_1_44' title='bbox 1571 1181 1609 1225; x_wconf 92' lang='lat' dir='ltr'><em>m</em></span> <span class='ocrx_word' id='word_1_45' title='bbox 1632 1182 1670 1226; x_wconf 93' lang='lat' dir='ltr'><em>m</em></span> <span class='ocrx_word' id='word_1_46' title='bbox 1683 1157 1755 1226; x_wconf 88' lang='lat' dir='ltr'><em>ibi</em></span> 
     </span>
    </p>

    <p class='ocr_par' dir='ltr' id='par_1_3' title="bbox 97 1267 1882 3384">
     <span class='ocr_line' id='line_1_6' title="bbox 97 1267 1754 1383; baseline 0.001 -26"><span class='ocrx_word' id='word_1_47' title='bbox 97 1353 100 1357; x_wconf 82' lang='lat'>.</span> <span class='ocrx_word' id='word_1_48' title='bbox 134 1267 298 1380; x_wconf 59' lang='lat' dir='ltr'><em>tilius</em></span> <span class='ocrx_word' id='word_1_49' title='bbox 321 1286 494 1358; x_wconf 86' lang='lat' dir='ltr'><em>Boiiii</em></span> <span class='ocrx_word' id='word_1_50' title='bbox 520 1288 645 1358; x_wconf 85' lang='lat' dir='ltr'><em>coede</em></span> <span class='ocrx_word' id='word_1_51' title='bbox 671 1285 983 1371; x_wconf 73' lang='lat' dir='ltr'><em>restituitur,</em></span> <span class='ocrx_word' id='word_1_52' title='bbox 1009 1309 1118 1356; x_wconf 87' lang='lat' dir='ltr'><em>nam</em></span> <span class='ocrx_word' id='word_1_53' title='bbox 1145 1289 1188 1358; x_wconf 89' lang='lat' dir='ltr'><em>si</em></span> <span class='ocrx_word' id='word_1_54' title='bbox 1212 1289 1511 1383; x_wconf 84' lang='lat' dir='ltr'><em>Kjortanum</em></span> <span class='ocrx_word' id='word_1_55' title='bbox 1535 1313 1636 1383; x_wconf 82' lang='lat' dir='ltr'><em>prce</em></span> <span class='ocrx_word' id='word_1_56' title='bbox 1663 1315 1754 1360; x_wconf 90' lang='lat' dir='ltr'><em>om-</em></span> 
     </span>
     <span class='ocr_line' id='line_1_7' title="bbox 141 1399 1755 1514; baseline 0.001 -24"><span class='ocrx_word' id='word_1_57' title='bbox 141 1417 288 1490; x_wconf 87' lang='lat' dir='ltr'><em>nibus</em></span> <span class='ocrx_word' id='word_1_58' title='bbox 315 1399 473 1491; x_wconf 83' lang='lat' dir='ltr'><em>dilexi</em></span> <span class='ocrx_word' id='word_1_59' title='bbox 498 1418 813 1507; x_wconf 73' lang='lat' dir='ltr'><em>mortalibus,</em></span> <span class='ocrx_word' id='word_1_60' title='bbox 839 1417 1026 1489; x_wconf 82' lang='lat' dir='ltr'><em>nullu-m</em></span> <span class='ocrx_word' id='word_1_61' title='bbox 1050 1423 1195 1514; x_wconf 84' lang='lat' dir='ltr'><em>potui</em></span> <span class='ocrx_word' id='word_1_62' title='bbox 1220 1423 1388 1492; x_wconf 87' lang='lat' dir='ltr'><em>Bollii</em></span> <span class='ocrx_word' id='word_1_63' title='bbox 1414 1421 1755 1514; x_wconf 88' lang='lat' dir='ltr'><em>infortunium</em></span> 
     </span>
     <span class='ocr_line' id='line_1_8' title="bbox 139 1525 1755 1650; baseline 0.004 -30"><span class='ocrx_word' id='word_1_64' title='bbox 139 1525 352 1646; x_wconf 71' lang='lat' dir='ltr'><em>perpeti.</em></span> <span class='ocrx_word' id='word_1_65' title='bbox 417 1553 503 1646; x_wconf 83' lang='lat' dir='ltr'><em>Ego</em></span> <span class='ocrx_word' id='word_1_66' title='bbox 527 1535 658 1623; x_wconf 85' lang='lat' dir='ltr'><em>autem</em></span> <span class='ocrx_word' id='word_1_67' title='bbox 675 1537 792 1622; x_wconf 73' lang='lat' dir='ltr'><em>(iliud</em></span> <span class='ocrx_word' id='word_1_68' title='bbox 814 1543 1010 1646; x_wconf 77' lang='lat' dir='ltr'><em>negotium</em></span> <span class='ocrx_word' id='word_1_69' title='bbox 1041 1549 1148 1626; x_wconf 76' lang='lat' dir='ltr'><em>cobis</em></span> <span class='ocrx_word' id='word_1_70' title='bbox 1172 1551 1299 1650; x_wconf 81' lang='lat' dir='ltr'><em>magis</em></span> <span class='ocrx_word' id='word_1_71' title='bbox 1324 1557 1527 1627; x_wconf 83' lang='lat' dir='ltr'><em>convenire</em></span> <span class='ocrx_word' id='word_1_72' title='bbox 1556 1556 1755 1650; x_wconf 62' lang='lat' dir='ltr'><em>intelligo?</em></span> 
     </span>
     <span class='ocr_line' id='line_1_9' title="bbox 143 1682 1757 1798; baseline 0.006 -46"><span class='ocrx_word' id='word_1_73' title='bbox 143 1683 180 1753; x_wconf 80' lang='lat' dir='ltr'><em>&#39;I</em></span> <span class='ocrx_word' id='word_1_74' title='bbox 175 1682 373 1755; x_wconf 80' lang='lat' dir='ltr'><em>borbciloe</em></span> <span class='ocrx_word' id='word_1_75' title='bbox 392 1707 487 1756; x_wconf 82' lang='lat' dir='ltr'><em>sane</em></span> <span class='ocrx_word' id='word_1_76' title='bbox 498 1685 605 1779; x_wconf 83' lang='lat' dir='ltr'><em>filios</em></span> <span class='ocrx_word' id='word_1_77' title='bbox 626 1685 917 1782; x_wconf 66' lang='lat' dir='ltr'><em>aggrediamini</em></span> <span class='ocrx_word' id='word_1_78' title='bbox 924 1735 937 1770; x_wconf 89' lang='lat'>‚</span> <span class='ocrx_word' id='word_1_79' title='bbox 977 1689 1280 1782; x_wconf 74' lang='lat' dir='ltr'><em>quandoquidem</em></span> <span class='ocrx_word' id='word_1_80' title='bbox 1307 1688 1371 1758; x_wconf 90' lang='lat' dir='ltr'><em>illi</em></span> <span class='ocrx_word' id='word_1_81' title='bbox 1396 1688 1671 1798; x_wconf 78' lang='lat' dir='ltr'><em>Helgosellum</em></span> <span class='ocrx_word' id='word_1_82' title='bbox 1700 1689 1757 1762; x_wconf 81' lang='lat' dir='ltr'><em>ad</em></span> 
     </span>
     <span class='ocr_line' id='line_1_10' title="bbox 139 1816 1882 1922; baseline 0.002 -36"><span class='ocrx_word' id='word_1_83' title='bbox 139 1839 252 1910; x_wconf 84' lang='lat' dir='ltr'><em>opem</em></span> <span class='ocrx_word' id='word_1_84' title='bbox 269 1819 530 1914; x_wconf 74' lang='lat' dir='ltr'><em>colligendam</em></span> <span class='ocrx_word' id='word_1_85' title='bbox 554 1818 687 1891; x_wconf 72' lang='lat' dir='ltr'><em>Oreioi</em></span> <span class='ocrx_word' id='word_1_86' title='bbox 703 1816 807 1909; x_wconf 84' lang='lat' dir='ltr'><em>filiis</em></span> <span class='ocrx_word' id='word_1_87' title='bbox 832 1818 944 1888; x_wconf 90' lang='lat' dir='ltr'><em>missi</em></span> <span class='ocrx_word' id='word_1_88' title='bbox 970 1831 1071 1888; x_wconf 86' lang='lat' dir='ltr'><em>sunt.</em></span> <span class='ocrx_word' id='word_1_89' title='bbox 1118 1821 1184 1892; x_wconf 83' lang='grc' dir='ltr'><em>.Ιά</em></span> <span class='ocrx_word' id='word_1_90' title='bbox 1203 1819 1576 1912; x_wconf 81' lang='lat' dir='ltr'><em>sanemibiplacet‚</em></span> <span class='ocrx_word' id='word_1_91' title='bbox 1613 1822 1648 1890; x_wconf 90' lang='lat' dir='ltr'><em>si</em></span> <span class='ocrx_word' id='word_1_92' title='bbox 1664 1822 1755 1889; x_wconf 90' lang='lat' dir='ltr'><em>illos</em></span> <span class='ocrx_word' id='word_1_93' title='bbox 1876 1913 1882 1922; x_wconf 34' lang='lat'><strong>·</strong></span> 
     </span>
     <span class='ocr_line' id='line_1_11' title="bbox 139 1919 1822 2048; baseline 0.001 -30"><span class='ocrx_word' id='word_1_94' title='bbox 139 1960 254 2019; x_wconf 91' lang='lat' dir='ltr'><em>tanto</em></span> <span class='ocrx_word' id='word_1_95' title='bbox 267 1951 396 2038; x_wconf 88' lang='lat' dir='ltr'><em>maio,</em></span> <span class='ocrx_word' id='word_1_96' title='bbox 420 1964 565 2048; x_wconf 77' lang='lat' dir='ltr'><em>quanto</em></span> <span class='ocrx_word' id='word_1_97' title='bbox 583 1950 691 2024; x_wconf 79' lang='lat' dir='ltr'><em>cobis</em></span> <span class='ocrx_word' id='word_1_98' title='bbox 710 1950 832 2037; x_wconf 86' lang='lat' dir='ltr'><em>lubet,</em></span> <span class='ocrx_word' id='word_1_99' title='bbox 858 1950 1055 2044; x_wconf 86' lang='lat' dir='ltr'><em>afficiatis.</em></span> <span class='ocrx_word' id='word_1_100' title='bbox 1108 1952 1262 2022; x_wconf 85' lang='lat' dir='ltr'><em>Deinde</em></span> <span class='ocrx_word' id='word_1_101' title='bbox 1287 1953 1402 2023; x_wconf 83' lang='lat' dir='ltr'><em>Olavi</em></span> <span class='ocrx_word' id='word_1_102' title='bbox 1406 1951 1491 2042; x_wconf 87' lang='lat' dir='ltr'><em>filii</em></span> <span class='ocrx_word' id='word_1_103' title='bbox 1508 1929 1617 2020; x_wconf 87' lang='lat' dir='ltr'><em>abire</em></span> <span class='ocrx_word' id='word_1_104' title='bbox 1626 1953 1754 2042; x_wconf 88' lang='lat' dir='ltr'><em>festi·</em></span> <span class='ocrx_word' id='word_1_105' title='bbox 1818 1919 1822 1925; x_wconf 23' lang='grc' dir='ltr'>Ι</span> 
     </span>
     <span class='ocr_line' id='line_1_12' title="bbox 137 2079 1754 2178; baseline -0.001 -25"><span class='ocrx_word' id='word_1_106' title='bbox 137 2105 298 2170; x_wconf 78' lang='lat' dir='ltr'><em>nocere,</em></span> <span class='ocrx_word' id='word_1_107' title='bbox 334 2083 612 2178; x_wconf 67' lang='lat' dir='ltr'><em>sceptrumque,</em></span> <span class='ocrx_word' id='word_1_108' title='bbox 648 2105 732 2176; x_wconf 80' lang='lat' dir='ltr'><em>qcae</em></span> <span class='ocrx_word' id='word_1_109' title='bbox 748 2081 839 2176; x_wconf 85' lang='lat' dir='ltr'><em>suit</em></span> <span class='ocrx_word' id='word_1_110' title='bbox 867 2083 1005 2160; x_wconf 78' lang='lat' dir='ltr'><em>otaoo,</em></span> <span class='ocrx_word' id='word_1_111' title='bbox 1049 2083 1134 2154; x_wconf 88' lang='lat' dir='ltr'><em>VII</em></span> <span class='ocrx_word' id='word_1_112' title='bbox 1150 2079 1506 2152; x_wconf 83' lang='lat' dir='ltr'><em>conscenderunt&amp;</em></span> <span class='ocrx_word' id='word_1_113' title='bbox 1533 2085 1754 2154; x_wconf 82' lang='lat' dir='ltr'><em>eHvums-</em></span> 
     </span>
     <span class='ocr_line' id='line_1_13' title="bbox 130 2213 1760 2318; baseline 0.002 -34"><span class='ocrx_word' id='word_1_114' title='bbox 130 2216 271 2318; x_wconf 84' lang='lat' dir='ltr'><em>sjbrdo</em></span> <span class='ocrx_word' id='word_1_115' title='bbox 285 2216 522 2309; x_wconf 74' lang='lat' dir='ltr'><em>egredientes</em></span> <span class='ocrx_word' id='word_1_116' title='bbox 536 2239 683 2308; x_wconf 83' lang='lat' dir='ltr'><em>magna</em></span> <span class='ocrx_word' id='word_1_117' title='bbox 700 2214 762 2284; x_wconf 90' lang='lat' dir='ltr'><em>usi</em></span> <span class='ocrx_word' id='word_1_118' title='bbox 783 2213 936 2284; x_wconf 89' lang='lat' dir='ltr'><em>itineris</em></span> <span class='ocrx_word' id='word_1_119' title='bbox 946 2213 1220 2304; x_wconf 88' lang='lat' dir='ltr'><em>festinatione.</em></span> <span class='ocrx_word' id='word_1_120' title='bbox 1278 2215 1428 2286; x_wconf 88' lang='lat' dir='ltr'><em>Ventus</em></span> <span class='ocrx_word' id='word_1_121' title='bbox 1455 2227 1543 2285; x_wconf 82' lang='lat' dir='ltr'><em>erut</em></span> <span class='ocrx_word' id='word_1_122' title='bbox 1561 2213 1672 2286; x_wconf 75' lang='lat' dir='ltr'><em>kara</em></span> <span class='ocrx_word' id='word_1_123' title='bbox 1689 2239 1760 2288; x_wconf 46' lang='lat' dir='ltr'><em>cea.</em></span> 
     </span>
     <span class='ocr_line' id='line_1_14' title="bbox 135 2335 1757 2442; baseline -0.001 -22"><span class='ocrx_word' id='word_1_124' title='bbox 135 2349 309 2438; x_wconf 78' lang='lat' dir='ltr'><em>bremens,</em></span> <span class='ocrx_word' id='word_1_125' title='bbox 335 2349 404 2418; x_wconf 87' lang='lat' dir='ltr'><em>sed</em></span> <span class='ocrx_word' id='word_1_126' title='bbox 420 2349 620 2418; x_wconf 85' lang='lat' dir='ltr'><em>secundus.</em></span> <span class='ocrx_word' id='word_1_127' title='bbox 679 2345 771 2417; x_wconf 86' lang='lat' dir='ltr'><em>Jam</em></span> <span class='ocrx_word' id='word_1_128' title='bbox 792 2369 906 2442; x_wconf 83' lang='lat' dir='ltr'><em>usqoe</em></span> <span class='ocrx_word' id='word_1_129' title='bbox 929 2348 1020 2416; x_wconf 88' lang='lat' dir='ltr'><em>dum</em></span> <span class='ocrx_word' id='word_1_130' title='bbox 1040 2335 1097 2416; x_wconf 84' lang='lat' dir='ltr'><em>ad</em></span> <span class='ocrx_word' id='word_1_131' title='bbox 1117 2345 1350 2440; x_wconf 79' lang='lat' dir='ltr'><em>Sborreyam</em></span> <span class='ocrx_word' id='word_1_132' title='bbox 1360 2350 1614 2442; x_wconf 77' lang='lat' dir='ltr'><em>peruenirent</em></span> <span class='ocrx_word' id='word_1_133' title='bbox 1636 2350 1757 2420; x_wconf 88' lang='lat' dir='ltr'><em>remi-</em></span> 
     </span>
     <span class='ocr_line' id='line_1_15' title="bbox 133 2479 1756 2576; baseline 0.001 -25"><span class='ocrx_word' id='word_1_134' title='bbox 133 2503 297 2576; x_wconf 81' lang='lat' dir='ltr'><em>gavere‚</em></span> <span class='ocrx_word' id='word_1_135' title='bbox 325 2479 379 2550; x_wconf 93' lang='lat' dir='ltr'><em>ibi</em></span> <span class='ocrx_word' id='word_1_136' title='bbox 397 2481 643 2576; x_wconf 75' lang='lat' dir='ltr'><em>aliquantum</em></span> <span class='ocrx_word' id='word_1_137' title='bbox 657 2481 802 2550; x_wconf 80' lang='lat' dir='ltr'><em>morati</em></span> <span class='ocrx_word' id='word_1_138' title='bbox 819 2479 965 2550; x_wconf 85' lang='lat' dir='ltr'><em>itinera</em></span> <span class='ocrx_word' id='word_1_139' title='bbox 984 2480 1181 2550; x_wconf 76' lang='lat' dir='ltr'><em>viatorum</em></span> <span class='ocrx_word' id='word_1_140' title='bbox 1203 2480 1338 2549; x_wconf 84' lang='lat' dir='ltr'><em>scitati</em></span> <span class='ocrx_word' id='word_1_141' title='bbox 1349 2494 1458 2566; x_wconf 82' lang='lat' dir='ltr'><em>sunt.</em></span> <span class='ocrx_word' id='word_1_142' title='bbox 1517 2484 1756 2576; x_wconf 79' lang='lat' dir='ltr'><em>Pauliopcst</em></span> 
     </span>
     <span class='ocr_line' id='line_1_16' title="bbox 136 2592 1755 2708; baseline -0.001 -21"><span class='ocrx_word' id='word_1_143' title='bbox 136 2615 274 2687; x_wconf 79' lang='lat' dir='ltr'><em>nu&#39;eim</em></span> <span class='ocrx_word' id='word_1_144' title='bbox 289 2612 340 2686; x_wconf 85' lang='lat' dir='ltr'><em>ab</em></span> <span class='ocrx_word' id='word_1_145' title='bbox 355 2614 596 2684; x_wconf 83' lang='lat' dir='ltr'><em>accidentali</em></span> <span class='ocrx_word' id='word_1_146' title='bbox 610 2625 731 2708; x_wconf 84' lang='lat' dir='ltr'><em>porte</em></span> <span class='ocrx_word' id='word_1_147' title='bbox 749 2614 859 2684; x_wconf 87' lang='lat' dir='ltr'><em>&#39;sinus</em></span> <span class='ocrx_word' id='word_1_148' title='bbox 873 2611 1127 2705; x_wconf 76' lang='lat' dir='ltr'><em>navigantem</em></span> <span class='ocrx_word' id='word_1_149' title='bbox 1141 2635 1381 2706; x_wconf 72' lang='lat' dir='ltr'><em>conspexere.</em></span> <span class='ocrx_word' id='word_1_150' title='bbox 1437 2615 1646 2706; x_wconf 83' lang='lat' dir='ltr'><em>Confestim</em></span> <span class='ocrx_word' id='word_1_151' title='bbox 1664 2592 1755 2686; x_wconf 87' lang='lat' dir='ltr'><em>iilos</em></span> 
     </span>
     <span class='ocr_line' id='line_1_17' title="bbox 134 2742 1753 2844; baseline -0.004 -22"><span class='ocrx_word' id='word_1_152' title='bbox 134 2748 245 2822; x_wconf 74' lang='lat' dir='ltr'><em>eiras</em></span> <span class='ocrx_word' id='word_1_153' title='bbox 265 2768 499 2844; x_wconf 76' lang='lat' dir='ltr'><em>cognovere3</em></span> <span class='ocrx_word' id='word_1_154' title='bbox 524 2747 568 2818; x_wconf 84' lang='lat' dir='ltr'><em>bi</em></span> <span class='ocrx_word' id='word_1_155' title='bbox 582 2749 684 2818; x_wconf 90' lang='lat' dir='ltr'><em>enim</em></span> <span class='ocrx_word' id='word_1_156' title='bbox 710 2745 1072 2828; x_wconf 79' lang='lat' dir='ltr'><em>leorbclloeerant</em></span> <span class='ocrx_word' id='word_1_157' title='bbox 1085 2742 1179 2838; x_wconf 83' lang='lat' dir='ltr'><em>filii.</em></span> <span class='ocrx_word' id='word_1_158' title='bbox 1232 2746 1442 2818; x_wconf 80' lang='lat' dir='ltr'><em>Heldorus</em></span> <span class='ocrx_word' id='word_1_159' title='bbox 1459 2771 1544 2818; x_wconf 88' lang='lat' dir='ltr'><em>cum</em></span> <span class='ocrx_word' id='word_1_160' title='bbox 1561 2747 1676 2817; x_wconf 87' lang='lat' dir='ltr'><em>sociis</em></span> <span class='ocrx_word' id='word_1_161' title='bbox 1690 2771 1753 2818; x_wconf 86' lang='lat' dir='ltr'><em>eos</em></span> 
     </span>
     <span class='ocr_line' id='line_1_18' title="bbox 136 2879 1752 2974; baseline -0.001 -22"><span class='ocrx_word' id='word_1_162' title='bbox 136 2879 276 2952; x_wconf 84' lang='lat' dir='ltr'><em>statim</em></span> <span class='ocrx_word' id='word_1_163' title='bbox 292 2903 523 2974; x_wconf 76' lang='lat' dir='ltr'><em>aggressus,</em></span> <span class='ocrx_word' id='word_1_164' title='bbox 564 2905 632 2951; x_wconf 91' lang='lat' dir='ltr'><em>nec</em></span> <span class='ocrx_word' id='word_1_165' title='bbox 654 2879 721 2972; x_wconf 84' lang='lat' dir='ltr'><em>ilii</em></span> <span class='ocrx_word' id='word_1_166' title='bbox 742 2879 908 2950; x_wconf 88' lang='lat' dir='ltr'><em>multum</em></span> <span class='ocrx_word' id='word_1_167' title='bbox 928 2880 1106 2949; x_wconf 87' lang='lat' dir='ltr'><em>restitere</em></span> <span class='ocrx_word' id='word_1_168' title='bbox 1114 2903 1128 2964; x_wconf 84' lang='grc'><em>,·</em></span> <span class='ocrx_word' id='word_1_169' title='bbox 1159 2879 1277 2950; x_wconf 81' lang='lat' dir='ltr'><em>otaoi</em></span> <span class='ocrx_word' id='word_1_170' title='bbox 1300 2879 1401 2949; x_wconf 87' lang='lat' dir='ltr'><em>enim</em></span> <span class='ocrx_word' id='word_1_171' title='bbox 1406 2879 1491 2972; x_wconf 86' lang='lat' dir='ltr'><em>filii</em></span> <span class='ocrx_word' id='word_1_172' title='bbox 1508 2881 1641 2950; x_wconf 76' lang='lat' dir='ltr'><em>nebim</em></span> <span class='ocrx_word' id='word_1_173' title='bbox 1664 2893 1752 2950; x_wconf 84' lang='lat' dir='ltr'><em>sta-</em></span> 
     </span>
     <span class='ocr_line' id='line_1_19' title="bbox 138 3009 1754 3104; baseline -0.002 -18"><span class='ocrx_word' id='word_1_174' title='bbox 138 3015 211 3086; x_wconf 92' lang='lat' dir='ltr'><em>tim</em></span> <span class='ocrx_word' id='word_1_175' title='bbox 230 3011 526 3082; x_wconf 77' lang='lat' dir='ltr'><em>conscendentes</em></span> <span class='ocrx_word' id='word_1_176' title='bbox 544 3033 607 3080; x_wconf 87' lang='lat' dir='ltr'><em>eos</em></span> <span class='ocrx_word' id='word_1_177' title='bbox 625 3009 876 3098; x_wconf 56' lang='lat' dir='ltr'><em>adorti&#39;sunt.</em></span> <span class='ocrx_word' id='word_1_178' title='bbox 920 3010 1076 3080; x_wconf 84' lang='lat' dir='ltr'><em>Steinus</em></span> <span class='ocrx_word' id='word_1_179' title='bbox 1093 3032 1140 3079; x_wconf 89' lang='lat' dir='ltr'><em>ac</em></span> <span class='ocrx_word' id='word_1_180' title='bbox 1160 3009 1269 3076; x_wconf 89' lang='lat' dir='ltr'><em>illius</em></span> <span class='ocrx_word' id='word_1_181' title='bbox 1285 3012 1381 3078; x_wconf 91' lang='lat' dir='ltr'><em>socii</em></span> <span class='ocrx_word' id='word_1_182' title='bbox 1394 3015 1516 3104; x_wconf 85' lang='lat' dir='ltr'><em>copti,</em></span> <span class='ocrx_word' id='word_1_183' title='bbox 1531 3011 1754 3082; x_wconf 87' lang='lat' dir='ltr'><em>obtruncati</em></span> 
     </span>
     <span class='ocr_line' id='line_1_20' title="bbox 137 3115 1757 3245; baseline -0.004 -26"><span class='ocrx_word' id='word_1_184' title='bbox 137 3171 212 3245; x_wconf 84' lang='lat' dir='ltr'><em>qve</em></span> <span class='ocrx_word' id='word_1_185' title='bbox 228 3144 270 3215; x_wconf 89' lang='lat' dir='ltr'><em>in</em></span> <span class='ocrx_word' id='word_1_186' title='bbox 291 3165 401 3213; x_wconf 87' lang='lat' dir='ltr'><em>mare</em></span> <span class='ocrx_word' id='word_1_187' title='bbox 413 3117 589 3236; x_wconf 77' lang='lat' dir='ltr'><em>conjecti.</em></span> <span class='ocrx_word' id='word_1_188' title='bbox 631 3115 763 3210; x_wconf 69' lang='lat' dir='ltr'><em>¹Oiuei</em></span> <span class='ocrx_word' id='word_1_189' title='bbox 782 3137 862 3208; x_wconf 80' lang='lat' dir='ltr'><em>tum</em></span> <span class='ocrx_word' id='word_1_190' title='bbox 873 3137 958 3231; x_wconf 86' lang='lat' dir='ltr'><em>filii</em></span> <span class='ocrx_word' id='word_1_191' title='bbox 986 3137 1300 3229; x_wconf 73' lang='lat' dir='ltr'><em>revertebantur5</em></span> <span class='ocrx_word' id='word_1_192' title='bbox 1327 3139 1485 3211; x_wconf 88' lang='lat' dir='ltr'><em>illorum</em></span> <span class='ocrx_word' id='word_1_193' title='bbox 1504 3144 1579 3212; x_wconf 89' lang='lat' dir='ltr'><em>iter</em></span> <span class='ocrx_word' id='word_1_194' title='bbox 1599 3141 1757 3236; x_wconf 85' lang='lat' dir='ltr'><em>glorio-</em></span> 
     </span>
     <span class='ocr_line' id='line_1_21' title="bbox 136 3271 1136 3352; baseline -0.007 -3"><span class='ocrx_word' id='word_1_195' title='bbox 136 3303 224 3350; x_wconf 86' lang='lat' dir='ltr'><em>sum</em></span> <span class='ocrx_word' id='word_1_196' title='bbox 247 3277 372 3352; x_wconf 80' lang='lat' dir='ltr'><em>visum</em></span> <span class='ocrx_word' id='word_1_197' title='bbox 395 3287 462 3344; x_wconf 86' lang='lat' dir='ltr'><em>est.</em></span> <span class='ocrx_word' id='word_1_198' title='bbox 1133 3271 1136 3280; x_wconf 88' lang='lat'>&#39;</span> 
     </span>
    </p>
   </div>
   <div class='ocr_carea' id='block_1_3' title="bbox 142 3775 1757 4054">
    <p class='ocr_par' dir='ltr' id='par_1_4' title="bbox 142 3771 1757 4054">
     <span class='ocr_line' id='line_1_22' title="bbox 343 3775 1757 3903; baseline -0.003 -25"><span class='ocrx_word' id='word_1_199' title='bbox 343 3775 502 3884; x_wconf 82' lang='lat' dir='ltr'><em>Olacus</em></span> <span class='ocrx_word' id='word_1_200' title='bbox 516 3804 708 3903; x_wconf 83' lang='lat' dir='ltr'><em>Kjartoni</em></span> <span class='ocrx_word' id='word_1_201' title='bbox 720 3803 1051 3900; x_wconf 84' lang='lat' dir='ltr'><em>funeriegressus</em></span> <span class='ocrx_word' id='word_1_202' title='bbox 1069 3801 1241 3894; x_wconf 78' lang='lat' dir='ltr'><em>obviam,</em></span> <span class='ocrx_word' id='word_1_203' title='bbox 1265 3803 1423 3877; x_wconf 88' lang='lat' dir='ltr'><em>nuntios</em></span> <span class='ocrx_word' id='word_1_204' title='bbox 1443 3804 1552 3876; x_wconf 88' lang='lat' dir='ltr'><em>misit</em></span> <span class='ocrx_word' id='word_1_205' title='bbox 1571 3803 1757 3898; x_wconf 67' lang='lat' dir='ltr'><em>Bergium,</em></span> 
     </span>
     <span class='ocr_line' id='line_1_23' title="bbox 142 3913 1757 4054; baseline -0.009 -33"><span class='ocrx_word' id='word_1_206' title='bbox 142 3947 205 4044; x_wconf 81' lang='lat' dir='ltr'><em>qvi</em></span> <span class='ocrx_word' id='word_1_207' title='bbox 226 3943 517 4028; x_wconf 84' lang='lat' dir='ltr'><em>Tborsteiuum,</em></span> <span class='ocrx_word' id='word_1_208' title='bbox 559 3937 841 4031; x_wconf 81' lang='lat' dir='ltr'><em>Egiilifilium,</em></span> <span class='ocrx_word' id='word_1_209' title='bbox 867 3939 914 4007; x_wconf 90' lang='lat' dir='ltr'><em>de</em></span> <span class='ocrx_word' id='word_1_210' title='bbox 934 3913 997 4054; x_wconf 78' lang='lat' dir='ltr'><em>bis</em></span> <span class='ocrx_word' id='word_1_211' title='bbox 1018 3935 1130 4008; x_wconf 87' lang='lat' dir='ltr'><em>rebus</em></span> <span class='ocrx_word' id='word_1_212' title='bbox 1155 3937 1357 4007; x_wconf 86' lang='lat' dir='ltr'><em>certiorem</em></span> <span class='ocrx_word' id='word_1_213' title='bbox 1366 3937 1575 4027; x_wconf 83' lang='lat' dir='ltr'><em>jacerent,</em></span> <span class='ocrx_word' id='word_1_214' title='bbox 1616 3934 1757 4007; x_wconf 87' lang='lat' dir='ltr'><em>simul-</em></span> 
     </span>
    </p>
   </div>
   <div class='ocr_carea' id='block_1_4' title="bbox 143 4047 1761 4968">
    <p class='ocr_par' dir='ltr' id='par_1_5' title="bbox 143 4047 1761 4968">
     <span class='ocr_line' id='line_1_24' title="bbox 143 4047 1758 4174; baseline -0.004 -27"><span class='ocrx_word' id='word_1_215' title='bbox 143 4102 214 4174; x_wconf 78' lang='lat' dir='ltr'><em>que</em></span> <span class='ocrx_word' id='word_1_216' title='bbox 230 4072 281 4144; x_wconf 85' lang='lat' dir='ltr'><em>ab</em></span> <span class='ocrx_word' id='word_1_217' title='bbox 297 4097 341 4144; x_wconf 87' lang='lat' dir='ltr'><em>eo</em></span> <span class='ocrx_word' id='word_1_218' title='bbox 361 4096 470 4166; x_wconf 84' lang='lat' dir='ltr'><em>opem</em></span> <span class='ocrx_word' id='word_1_219' title='bbox 486 4079 665 4164; x_wconf 81' lang='lat' dir='ltr'><em>peterent</em></span> <span class='ocrx_word' id='word_1_220' title='bbox 676 4047 884 4156; x_wconf 80' lang='lat' dir='ltr'><em>sorensem</em></span> <span class='ocrx_word' id='word_1_221' title='bbox 902 4069 958 4140; x_wconf 84' lang='lat' dir='ltr'><em>ad</em></span> <span class='ocrx_word' id='word_1_222' title='bbox 985 4071 1125 4140; x_wconf 76' lang='lat' dir='ltr'><em>cadem</em></span> <span class='ocrx_word' id='word_1_223' title='bbox 1142 4069 1441 4159; x_wconf 81' lang='lat' dir='ltr'><em>vindicandam,</em></span> <span class='ocrx_word' id='word_1_224' title='bbox 1472 4069 1625 4162; x_wconf 88' lang='lat' dir='ltr'><em>sisorte</em></span> <span class='ocrx_word' id='word_1_225' title='bbox 1643 4095 1758 4166; x_wconf 87' lang='lat' dir='ltr'><em>mug-</em></span> 
     </span>
     <span class='ocr_line' id='line_1_25' title="bbox 144 4199 1760 4296; baseline -0.004 -15"><span class='ocrx_word' id='word_1_226' title='bbox 144 4219 258 4282; x_wconf 88' lang='lat' dir='ltr'><em>nates</em></span> <span class='ocrx_word' id='word_1_227' title='bbox 275 4205 325 4276; x_wconf 85' lang='lat' dir='ltr'><em>ab</em></span> <span class='ocrx_word' id='word_1_228' title='bbox 346 4203 474 4277; x_wconf 81' lang='lat' dir='ltr'><em>Osvioi</em></span> <span class='ocrx_word' id='word_1_229' title='bbox 485 4201 661 4294; x_wconf 80' lang='lat' dir='ltr'><em>fitiorum</em></span> <span class='ocrx_word' id='word_1_230' title='bbox 672 4199 860 4295; x_wconf 85' lang='lat' dir='ltr'><em>portibus</em></span> <span class='ocrx_word' id='word_1_231' title='bbox 873 4213 1025 4272; x_wconf 85' lang='lat' dir='ltr'><em>starent</em></span> <span class='ocrx_word' id='word_1_232' title='bbox 1032 4253 1045 4289; x_wconf 92' lang='lat'><em>,</em></span> <span class='ocrx_word' id='word_1_233' title='bbox 1079 4213 1164 4271; x_wconf 89' lang='lat' dir='ltr'><em>tum</em></span> <span class='ocrx_word' id='word_1_234' title='bbox 1176 4202 1278 4272; x_wconf 90' lang='lat' dir='ltr'><em>enim</em></span> <span class='ocrx_word' id='word_1_235' title='bbox 1288 4225 1410 4296; x_wconf 81' lang='lat' dir='ltr'><em>penes</em></span> <span class='ocrx_word' id='word_1_236' title='bbox 1434 4227 1474 4272; x_wconf 88' lang='lat' dir='ltr'><em>se</em></span> <span class='ocrx_word' id='word_1_237' title='bbox 1493 4205 1613 4273; x_wconf 89' lang='lat' dir='ltr'><em>totius</em></span> <span class='ocrx_word' id='word_1_238' title='bbox 1630 4227 1760 4274; x_wconf 77' lang='lat' dir='ltr'><em>causes</em></span> 
     </span>
     <span class='ocr_line' id='line_1_26' title="bbox 143 4314 1760 4432; baseline -0.006 -16"><span class='ocrx_word' id='word_1_239' title='bbox 143 4314 356 4416; x_wconf 83' lang='lat' dir='ltr'><em>arbitrium</em></span> <span class='ocrx_word' id='word_1_240' title='bbox 380 4337 476 4430; x_wconf 90' lang='lat' dir='ltr'><em>fore</em></span> <span class='ocrx_word' id='word_1_241' title='bbox 513 4335 722 4432; x_wconf 82' lang='lat' dir='ltr'><em>postutare</em></span> <span class='ocrx_word' id='word_1_242' title='bbox 762 4357 804 4404; x_wconf 89' lang='lat' dir='ltr'><em>se</em></span> <span class='ocrx_word' id='word_1_243' title='bbox 842 4331 1097 4428; x_wconf 87' lang='lat' dir='ltr'><em>confirmavit.</em></span> <span class='ocrx_word' id='word_1_244' title='bbox 1184 4336 1292 4406; x_wconf 82' lang='lat' dir='ltr'><em>Idem</em></span> <span class='ocrx_word' id='word_1_245' title='bbox 1326 4336 1506 4407; x_wconf 88' lang='lat' dir='ltr'><em>nuntium</em></span> <span class='ocrx_word' id='word_1_246' title='bbox 1533 4361 1666 4410; x_wconf 78' lang='lat' dir='ltr'><em>versus</em></span> <span class='ocrx_word' id='word_1_247' title='bbox 1690 4337 1760 4407; x_wconf 91' lang='lat' dir='ltr'><em>bo·-</em></span> 
     </span>
     <span class='ocr_line' id='line_1_27' title="bbox 147 4467 1760 4568; baseline -0.009 -18"><span class='ocrx_word' id='word_1_248' title='bbox 147 4477 278 4550; x_wconf 85' lang='lat' dir='ltr'><em>reulia</em></span> <span class='ocrx_word' id='word_1_249' title='bbox 312 4473 422 4543; x_wconf 88' lang='lat' dir='ltr'><em>misit</em></span> <span class='ocrx_word' id='word_1_250' title='bbox 452 4473 500 4544; x_wconf 54' lang='lat' dir='ltr'><em>*in</em></span> <span class='ocrx_word' id='word_1_251' title='bbox 536 4468 770 4546; x_wconf 84' lang='lat' dir='ltr'><em>Vididalum</em></span> <span class='ocrx_word' id='word_1_252' title='bbox 805 4467 1059 4558; x_wconf 82' lang='lat' dir='ltr'><em>Gudrnundo,</em></span> <span class='ocrx_word' id='word_1_253' title='bbox 1109 4467 1219 4565; x_wconf 81' lang='lat' dir='ltr'><em>affini</em></span> <span class='ocrx_word' id='word_1_254' title='bbox 1244 4490 1334 4558; x_wconf 81' lang='lat' dir='ltr'><em>suo,</em></span> <span class='ocrx_word' id='word_1_255' title='bbox 1378 4493 1427 4540; x_wconf 88' lang='lat' dir='ltr'><em>ac</em></span> <span class='ocrx_word' id='word_1_256' title='bbox 1449 4468 1628 4568; x_wconf 80' lang='lat' dir='ltr'><em>Asgeiris</em></span> <span class='ocrx_word' id='word_1_257' title='bbox 1641 4469 1760 4564; x_wconf 78' lang='lat' dir='ltr'><em>filiis,</em></span> 
     </span>
     <span class='ocr_line' id='line_1_28' title="bbox 148 4601 1761 4704; baseline -0.007 -24"><span class='ocrx_word' id='word_1_258' title='bbox 148 4609 349 4704; x_wconf 70' lang='lat' dir='ltr'><em>docuitque</em></span> <span class='ocrx_word' id='word_1_259' title='bbox 375 4607 513 4695; x_wconf 85' lang='lat' dir='ltr'><em>simul,</em></span> <span class='ocrx_word' id='word_1_260' title='bbox 541 4629 580 4676; x_wconf 88' lang='lat' dir='ltr'><em>se</em></span> <span class='ocrx_word' id='word_1_261' title='bbox 606 4601 880 4690; x_wconf 79' lang='lat' dir='ltr'><em>omnescircs,</em></span> <span class='ocrx_word' id='word_1_262' title='bbox 906 4602 971 4698; x_wconf 82' lang='lat' dir='ltr'><em>qvi</em></span> <span class='ocrx_word' id='word_1_263' title='bbox 985 4603 1235 4698; x_wconf 65' lang='lat' dir='ltr'><em>¹It&#39;jortanum</em></span> <span class='ocrx_word' id='word_1_264' title='bbox 1260 4606 1395 4676; x_wconf 82' lang='lat' dir='ltr'><em>adorti</em></span> <span class='ocrx_word' id='word_1_265' title='bbox 1419 4609 1511 4694; x_wconf 86' lang='lat' dir='ltr'><em>sint,</em></span> <span class='ocrx_word' id='word_1_266' title='bbox 1538 4604 1655 4676; x_wconf 81' lang='lat' dir='ltr'><em>scedis</em></span> <span class='ocrx_word' id='word_1_267' title='bbox 1676 4624 1761 4670; x_wconf 91' lang='lat' dir='ltr'><em>reos</em></span> 
     </span>
     <span class='ocr_line' id='line_1_29' title="bbox 145 4737 1759 4838; baseline -0.004 -27"><span class='ocrx_word' id='word_1_268' title='bbox 145 4741 304 4838; x_wconf 84' lang='lat' dir='ltr'><em>publice</em></span> <span class='ocrx_word' id='word_1_269' title='bbox 332 4739 546 4822; x_wconf 79' lang='lat' dir='ltr'><em>indicasse,</em></span> <span class='ocrx_word' id='word_1_270' title='bbox 572 4749 729 4832; x_wconf 74' lang='lat' dir='ltr'><em>excepto</em></span> <span class='ocrx_word' id='word_1_271' title='bbox 757 4751 886 4808; x_wconf 84' lang='lat' dir='ltr'><em>tamen</em></span> <span class='ocrx_word' id='word_1_272' title='bbox 914 4738 1095 4832; x_wconf 84' lang='lat' dir='ltr'><em>Ospocc,</em></span> <span class='ocrx_word' id='word_1_273' title='bbox 1134 4737 1264 4810; x_wconf 82' lang='lat' dir='ltr'><em>Oseici</em></span> <span class='ocrx_word' id='word_1_274' title='bbox 1278 4737 1391 4830; x_wconf 83' lang='lat' dir='ltr'><em>filio;</em></span> <span class='ocrx_word' id='word_1_275' title='bbox 1427 4739 1490 4810; x_wconf 89' lang='lat' dir='ltr'><em>illi</em></span> <span class='ocrx_word' id='word_1_276' title='bbox 1513 4737 1613 4808; x_wconf 90' lang='lat' dir='ltr'><em>enim</em></span> <span class='ocrx_word' id='word_1_277' title='bbox 1639 4742 1759 4805; x_wconf 84' lang='lat' dir='ltr'><em>antea</em></span> 
     </span>
     <span class='ocr_line' id='line_1_30' title="bbox 151 4865 1760 4968; baseline -0.004 -25"><span class='ocrx_word' id='word_1_278' title='bbox 151 4873 296 4944; x_wconf 88' lang='lat' dir='ltr'><em>crimen</em></span> <span class='ocrx_word' id='word_1_279' title='bbox 322 4871 564 4943; x_wconf 77' lang='lat' dir='ltr'><em>incumbebat</em></span> <span class='ocrx_word' id='word_1_280' title='bbox 589 4884 760 4966; x_wconf 83' lang='lat' dir='ltr'><em>propter</em></span> <span class='ocrx_word' id='word_1_281' title='bbox 794 4871 1003 4967; x_wconf 80' lang='lat' dir='ltr'><em>injuriam,</em></span> <span class='ocrx_word' id='word_1_282' title='bbox 1040 4896 1152 4968; x_wconf 84' lang='lat' dir='ltr'><em>qoam</em></span> <span class='ocrx_word' id='word_1_283' title='bbox 1185 4871 1358 4960; x_wconf 85' lang='lat' dir='ltr'><em>mulieri,</em></span> <span class='ocrx_word' id='word_1_284' title='bbox 1396 4867 1552 4940; x_wconf 84' lang='lat' dir='ltr'><em>Aldisae</em></span> <span class='ocrx_word' id='word_1_285' title='bbox 1587 4865 1760 4952; x_wconf 89' lang='lat' dir='ltr'><em>nomine,</em></span> 
     </span>
    </p>
   </div>
   <div class='ocr_carea' id='block_1_5' title="bbox 1441 5001 1676 5102">
    <p class='ocr_par' dir='ltr' id='par_1_6' title="bbox 1441 5001 1676 5102">
     <span class='ocr_line' id='line_1_31' title="bbox 1441 5001 1676 5102; baseline -0.021 -29"><span class='ocrx_word' id='word_1_286' title='bbox 1441 5001 1561 5073; x_wconf 80' lang='lat' dir='ltr'><em>Ffo</em></span> <span class='ocrx_word' id='word_1_287' title='bbox 1671 5091 1676 5102; x_wconf 26' lang='grc' dir='ltr'>ι</span> 
     </span>
    </p>
   </div>
   <div class='ocr_carea' id='block_1_6' title="bbox 0 0 2144 5728">
    <p class='ocr_par' dir='ltr' id='par_1_7' title="bbox 0 0 2144 5728">
     <span class='ocr_line' id='line_1_32' title="bbox 0 0 2144 5728; baseline 0 0"><span class='ocrx_word' id='word_1_288' title='bbox 0 0 2144 5728; x_wconf 95' lang='lat' dir='ltr'><em> </em></span> 
     </span>
    </p>
   </div>
  </div>
 </body>
</html>
