4256 5730
828 579 1032 698 ..eea

126 845 231 892 reum
249 847 333 892 eum
348 821 388 891 in
409 821 534 892 locum
544 821 777 915 peruenisse,
792 821 859 891 ubi
874 821 1122 914 bauclfacile
1138 824 1474 918 clepreltenclotur5
1498 841 1628 900 tamen
1639 831 1739 901 Bol-
1825 865 1838 878 ·

123 957 204 1024 lius
220 956 377 1044 denique
394 978 574 1024 caussam
590 956 788 1049 suscepit„
826 955 1019 1025 Guelruna
1038 978 1175 1026 rursus
1201 956 1376 1030 borealia
1395 985 1528 1032 versus
1545 963 1742 1056 prosecta,

123 1088 228 1160 venit
247 1089 412 1175 domum,
437 1089 624 1159 maritum
639 1091 778 1158 docens
798 1087 858 1157 uti
879 1111 940 1158 res
956 1100 1175 1178 essetacta;
1200 1089 1357 1185 itajum
1367 1094 1614 1187 aliquantum
1628 1118 1741 1188 proe-

126 1219 347 1313 terlapsum
365 1233 422 1289 est
435 1222 631 1315 temporis.
683 1223 845 1316 Hyeme,
864 1232 959 1316 post
974 1221 1125 1312 festum
1140 1223 1308 1311 lulense,
1327 1238 1532 1298 conuentus
1557 1225 1742 1297 Tlsoeraae

122 1351 164 1420 in
181 1351 435 1446 blagofiordo
450 1353 639 1443 indictus,
670 1379 714 1425 eo
747 1353 995 1425 Tborvaldus
1019 1354 1219 1424 Starrium
1235 1355 1523 1426 Gaddalensem
1546 1359 1740 1448 evocavit,

108 1483 319 1573 fratribus
346 1487 414 1555 ille
441 1488 651 1556 admodum
663 1487 755 1577 fuit
778 1485 938 1555 amicus.
1016 1485 1264 1557 'lborvaldus
1294 1509 1381 1555 cum
1408 1487 1488 1556 suis
1517 1503 1741 1560 conventum
1832 1471 1836 1483 ⁸

118 1616 247 1706 adiit,
274 1641 429 1712 cumque
446 1619 502 1688 ad
516 1617 847 1690 Urdslcridultolos
858 1617 1096 1712 perveniret,
1112 1631 1277 1690 eruente
1294 1619 1358 1691 vir
1370 1621 1427 1688 ad
1446 1621 1559 1690 illum
1569 1623 1747 1692 decurrit

117 1743 157 1818 8(
175 1749 210 1818 is
226 1750 377 1844 quidem
394 1749 626 1842 llsorolsus,¹
655 1751 723 1820 ille
738 1750 955 1822 Tborvalcli
975 1775 1024 1819 ac
1044 1750 1156 1820 illius
1164 1751 1354 1822 sociorum
1371 1765 1541 1825 caterva
1556 1779 1595 1823 se
1612 1755 1742 1824 immi-

58 1965 67 1982 Ι
118 1881 245 1972 scuit,·
272 1907 298 1951 n
325 1883 504 1954 Tboeraa
520 1895 650 1953 autem
667 1907 752 1953 cum
769 1883 880 1954 baud
894 1883 1040 1975 procul
1054 1880 1243 1970 abessent,
1276 1885 1522 1980 lberoaldus
1542 1885 1741 1969 talimodo

122 2015 355 2106 Tltorolsum
384 2017 582 2085 allocutus
606 2025 687 2084 est:
735 2025 815 2084 tres
834 2015 925 2105 'jam
951 1991 1110 2083 marcas
1141 2015 1297 2108 argenti
1336 2028 1459 2086 tecum
1493 2011 1743 2116 apportes&

115 2171 245 2242 supra
264 2145 402 2218 uillam
423 2147 604 2218 leeraa
624 2145 688 2216 bic
703 2145 894 2215 assidens.
953 2147 1005 2215 Id
1031 2141 1102 2214 tibi
1117 2144 1193 2214 erit
1210 2147 1344 2240 signo:
1368 2148 1403 2216 si
1430 2173 1498 2243 ego
1514 2171 1635 2218 meum
1655 2148 1743 2240 cly-

112 2303 236 2373 peum
251 2281 307 2349 ad
324 2292 361 2349 te
381 2279 440 2348 ita
466 2290 667 2365 converto,
703 2290 748 2349 ut
771 2277 881 2349 illius
904 2276 1126 2372 conspicias
1150 2301 1307 2366 cacum,
1343 2291 1436 2350 tunc
1463 2277 1534 2349 tibi
1553 2277 1742 2373 progredi

115 2437 201 2482 esse
217 2423 361 2502 tutum;
391 2411 587 2480 internum
604 2411 735 2504 clypei
752 2409 885 2480 album
900 2421 970 2479 est.
1023 2409 1076 2480 Et
1099 2431 1210 2503 quum
1232 2409 1478 2483 Tltoroaldus
1503 2386 1743 2480 adconvers-

116 2555 204 2611 tum
216 2542 460 2634 pervenirem
497 2541 696 2612 Starrium
714 2541 849 2612 adiens
868 2543 1040 2612 cumillo
1057 2543 1184 2636 coepit
1201 2541 1314 2636 loqui.
1355 2544 1607 2628 Jlsoroaldus
1623 2542 1745 2612 dixit:

117 2675 191 2744 Ita
209 2673 369 2766 resjam
394 2685 629 2768 comparata
654 2685 733 2742 est:
765 2673 815 2742 te
840 2697 957 2770 rogo,
991 2685 1036 2744 ut
1061 2673 1292 2765 Tborolsum
1306 2674 1614 2746 Gubernatorem
1637 2671 1745 2742 euci-

112 2805 216 2899 pias
231 2814 383 2898 eumque
413 2829 540 2876 serves
563 2815 679 2899 atqve
705 2803 768 2873 illi
791 2805 910 2896 feras
934 2829 1044 2900 opem
1058 2829 1068 2894 3
1106 2803 1177 2873 tibi
1201 2829 1270 2900 ego
1286 2817 1376 2904 ¹tros
1403 2806 1565 2901 argenti
1588 2828 1747 2874 marcas

112 2933 302 3032 praebebo
330 2959 523 3026 meamque
551 2937 770 3002 amicitiam
797 2938 925 3004 simul.
985 2939 1066 3004 Hic
1089 2938 1239 3028 quidem
1264 2939 1377 3006 bomo
1395 2939 1509 3005 *talis
1537 2905 1613 3019 est,
1646 2936 1747 3005 dixit

118 3065 320 3146 Starrius,
346 3075 390 3131 ut
409 3064 473 3131 illi
488 3065 598 3132 baud
616 3065 759 3132 multos
777 3063 924 3168 amicos
941 3089 1021 3134 esse
1038 3065 1206 3147 credam,
1233 3089 1301 3134 nec
1318 3067 1354 3133 ei
1378 3077 1483 3133 certa
1500 3065 1586 3155 fati
1611 3065 1746 3156 benig-

117 3199 253 3283 nitas,·
273 3207 402 3262 tamen
419 3194 607 3262 amicitia
622 3205 768 3263 nostrae
782 3193 920 3287 gratia
939 3215 1007 3285 ego
1035 3195 1147 3264 illum
1165 3195 1369 3287 excipiam.
1400 3195 1470 3265 Cui
1482 3195 1746 3266 leorualelus:
1805 3207 1808 3214 ⁴

117 3330 277 3408 bonurn,
295 3323 429 3418 inquit,
440 3325 610 3414 sactum.
642 3327 804 3419 Tumque
820 3331 1000 3392 converso
1015 3323 1165 3417 clypeo,
1187 3349 1322 3398 cavum
1338 3325 1560 3418 conspectui
1577 3324 1739 3414 obtulit,

116 3459 223 3554 qvod
255 3455 465 3546 Tisorollus
494 3457 738 3550 conspiciens
766 3457 806 3525 in
833 3455 954 3524 lucem
974 3455 1129 3550 prodiit
1148 3451 1200 3547 Ι8(
1229 3479 1254 3522 o
1279 3457 1437 3527 Starrio
1463 3469 1644 3549 exceptus
1678 3468 1745 3524 est.

116 3588 499 3661 Star1·ioGu‹lclalis
522 3591 621 3658 cella
638 3589 727 3677 suit
753 3585 1030 3677 subterranea,
1065 3587 1275 3680 sylvestres
1300 3589 1403 3659 enim
1427 3587 1556 3660 exules
1581 3587 1748 3658 muttum

118 3722 238 3816 apud
251 3743 336 3792 oum
351 3717 552 3814 degebant,
580 3715 818 3814 &plurimis
832 3718 917 3815 ipse
933 3719 1016 3803 fuit
1037 3719 1234 3812 culpatus.

736 3957 867 4042 CAP.
915 3955 1127 4042 LXXXI.
1221 3969 1225 3974 '
1289 3957 1293 3964 '
1341 3940 1347 3956 ⁸

328 4076 492 4182 Bornos
509 4113 637 4186 Bollii
650 4113 766 4207 filius
786 4117 901 4188 Olaoi
915 4117 1034 4190 cadis
1051 4139 1215 4188 causam
1233 4141 1351 4214 agere
1364 4119 1525 4213 occepit.
1589 4112 1751 4206 lamque
1786 4149 1789 4156 λ
1838 4189 1841 4198 λ

119 4251 242 4318 domo
257 4245 462 4336 profectus
481 4245 657 4316 borealia
672 4271 802 4319 uersus
819 4251 1034 4322 cumXXX
1045 4249 1243 4320 bantinum
1265 4252 1308 4320 in
1319 4249 1633 4348 'Sbogaljbrclum
1652 4247 1750 4338 per-5

120 4375 247 4452 venit.
308 4373 381 4444 Ubi
397 4377 501 4449 venit
517 4377 774 4450 Millabaeum
792 4378 883 4452 bene
900 4380 954 4452 ibi
967 4395 1183 4476 exceptus,
1203 4383 1357 4452 itineris
1381 4383 1575 4452 rationem
1607 4375 1750 4448 docuit.

121 4508 405 4600 Propositum,
447 4510 579 4607 inquit,
603 4524 660 4583 est
686 4512 727 4582 in
748 4512 1040 4606 Hegranesensi
1056 4525 1251 4586 conventu
1270 4521 1275 4532 '
1291 4513 1519 4605 Tharolsum
1541 4511 1586 4583 ob
1609 4507 1750 4578 cadem

121 4661 337 4729 accusare,
363 4637 402 4713 bt
422 4645 570 4736 quidem
588 4645 723 4714 vellem
743 4645 802 4715 uti
822 4658 876 4732 tu,
899 4645 1083 4718 Arnore!
1110 4645 1209 4717 milri
1225 4647 1328 4716 lianc
1353 4649 1409 4717 acl
1426 4665 1606 4716 caussam
1617 4637 1750 4730 ferret

122 4769 339 4844 auxilium.
362 4771 546 4842 Arnorus
562 4777 787 4869 respondit:
812 4779 923 4848 baud
940 4777 1038 4849 milei
1051 4779 1207 4867 videris,
1224 4778 1367 4848 Bolle!
1382 4779 1541 4868 faustae
1568 4769 1654 4865 spei
1671 4791 1752 4837 rem

123 4901 321 4996 occipere,
339 4903 374 4974 si
386 4925 470 4976 cum
486 4917 610 4978 tanta
627 4910 845 5005 iniquitatis
858 4909 965 5001 virts,
975 4910 1035 4980 uti
1052 4909 1115 4980 nic
1138 4911 1178 4982 iu
1190 4907 1634 5004 borealiparteaclsunt,
1656 4923 1754 4970 con-
