<?xml version="1.0" encoding="UTF-8"?>
<!DOCTYPE html PUBLIC "-//W3C//DTD XHTML 1.0 Transitional//EN"
    "http://www.w3.org/TR/xhtml1/DTD/xhtml1-transitional.dtd">
<html xmlns="http://www.w3.org/1999/xhtml" xml:lang="en" lang="en">
 <head>
  <title>
</title>
<meta http-equiv="Content-Type" content="text/html;charset=utf-8" />
  <meta name='ocr-system' content='tesseract 3.04.00' />
  <meta name='ocr-capabilities' content='ocr_page ocr_carea ocr_par ocr_line ocrx_word'/>
</head>
<body>
  <div class='ocr_page' id='page_1' title='image "./laxdlasagasiveh01stifgoog_0066.png"; bbox 0 0 4282 5714; ppageno 0'>
   <div class='ocr_carea' id='block_1_1' title="bbox 840 481 1058 604">
    <p class='ocr_par' dir='ltr' id='par_1_1' title="bbox 840 481 1058 604">
     <span class='ocr_line' id='line_1_1' title="bbox 840 481 1058 604; baseline -0.009 -40"><span class='ocrx_word' id='word_1_1' title='bbox 840 481 1058 604; x_wconf 33' lang='grc' dir='ltr'><strong><em>,ωε-5...-Ι</em></strong></span> 
     </span>
    </p>
   </div>
   <div class='ocr_carea' id='block_1_2' title="bbox 129 723 1829 4773">
    <p class='ocr_par' dir='ltr' id='par_1_2' title="bbox 136 723 1821 1880">
     <span class='ocr_line' id='line_1_2' title="bbox 141 723 1767 838; baseline 0.006 -43"><span class='ocrx_word' id='word_1_2' title='bbox 141 723 289 796; x_wconf 81' lang='lat' dir='ltr'><strong><em>dictam</em></strong></span> <span class='ocrx_word' id='word_1_3' title='bbox 308 747 463 809; x_wconf 80' lang='lat' dir='ltr'><strong><em>amnem</em></strong></span> <span class='ocrx_word' id='word_1_4' title='bbox 478 723 640 799; x_wconf 78' lang='lat' dir='ltr'><strong><em>subduci</em></strong></span> <span class='ocrx_word' id='word_1_5' title='bbox 641 723 806 822; x_wconf 83' lang='lat' dir='ltr'><strong><em>jubebat</em></strong></span> <span class='ocrx_word' id='word_1_6' title='bbox 822 740 938 834; x_wconf 73' lang='lat' dir='ltr'><strong><em>atqve</em></strong></span> <span class='ocrx_word' id='word_1_7' title='bbox 957 723 1482 838; x_wconf 72' lang='lat' dir='ltr'><strong><em>novolecircumstruendum</em></strong></span> <span class='ocrx_word' id='word_1_8' title='bbox 1498 733 1664 824; x_wconf 83' lang='lat' dir='ltr'><strong><em>curavit,</em></strong></span> <span class='ocrx_word' id='word_1_9' title='bbox 1681 757 1767 804; x_wconf 83' lang='lat' dir='ltr'><strong><em>cu-.</em></strong></span> 
     </span>
     <span class='ocr_line' id='line_1_3' title="bbox 136 855 1821 960; baseline 0.007 -34"><span class='ocrx_word' id='word_1_10' title='bbox 136 855 200 944; x_wconf 80' lang='lat' dir='ltr'><strong><em>jus</em></strong></span> <span class='ocrx_word' id='word_1_11' title='bbox 216 857 376 946; x_wconf 81' lang='lat' dir='ltr'><strong><em>novalis</em></strong></span> <span class='ocrx_word' id='word_1_12' title='bbox 393 857 525 928; x_wconf 80' lang='lat' dir='ltr'><strong><em>adbuc</em></strong></span> <span class='ocrx_word' id='word_1_13' title='bbox 540 857 706 953; x_wconf 78' lang='lat' dir='ltr'><strong><em>vestigia</em></strong></span> <span class='ocrx_word' id='word_1_14' title='bbox 722 871 933 951; x_wconf 73' lang='lat' dir='ltr'><strong><em>remonent.</em></strong></span> <span class='ocrx_word' id='word_1_15' title='bbox 996 860 1272 936; x_wconf 82' lang='lat' dir='ltr'><strong><em>Tabernacula</em></strong></span> <span class='ocrx_word' id='word_1_16' title='bbox 1285 863 1422 948; x_wconf 78' lang='lat' dir='ltr'><strong><em>ibidem</em></strong></span> <span class='ocrx_word' id='word_1_17' title='bbox 1440 867 1559 952; x_wconf 82' lang='lat' dir='ltr'><strong><em>etiarn</em></strong></span> <span class='ocrx_word' id='word_1_18' title='bbox 1583 865 1751 960; x_wconf 72' lang='lat' dir='ltr'><strong><em>locavit,</em></strong></span> <span class='ocrx_word' id='word_1_19' title='bbox 1817 923 1821 930; x_wconf 94' lang='lat'>.</span> 
     </span>
     <span class='ocr_line' id='line_1_4' title="bbox 140 987 1750 1092; baseline 0.008 -37"><span class='ocrx_word' id='word_1_20' title='bbox 140 987 230 1058; x_wconf 83' lang='lat' dir='ltr'><strong><em>inde</em></strong></span> <span class='ocrx_word' id='word_1_21' title='bbox 255 990 615 1084; x_wconf 75' lang='lat' dir='ltr'><strong><em>locoBudardalus</em></strong></span> <span class='ocrx_word' id='word_1_22' title='bbox 640 991 778 1078; x_wconf 83' lang='lat' dir='ltr'><strong><em>(vullis</em></strong></span> <span class='ocrx_word' id='word_1_23' title='bbox 806 990 1164 1090; x_wconf 82' lang='lat' dir='ltr'><em>tabernaculorum)</em></span> <span class='ocrx_word' id='word_1_24' title='bbox 1188 1018 1323 1066; x_wconf 87' lang='lat' dir='ltr'><strong><em>nomen</em></strong></span> <span class='ocrx_word' id='word_1_25' title='bbox 1349 1010 1417 1068; x_wconf 85' lang='lat' dir='ltr'><strong><em>est.</em></strong></span> <span class='ocrx_word' id='word_1_26' title='bbox 1469 997 1622 1070; x_wconf 80' lang='lat' dir='ltr'><em>Deinde</em></span> <span class='ocrx_word' id='word_1_27' title='bbox 1640 999 1750 1092; x_wconf 84' lang='lat' dir='ltr'><strong><em>ligno</em></strong></span> 
     </span>
     <span class='ocr_line' id='line_1_5' title="bbox 137 1111 1820 1223; baseline 0.007 -35"><span class='ocrx_word' id='word_1_28' title='bbox 137 1111 293 1190; x_wconf 78' lang='lat' dir='ltr'><strong><em>domum</em></strong></span> <span class='ocrx_word' id='word_1_29' title='bbox 309 1121 525 1216; x_wconf 79' lang='lat' dir='ltr'><strong><em>apportari</em></strong></span> <span class='ocrx_word' id='word_1_30' title='bbox 530 1121 675 1217; x_wconf 82' lang='lat' dir='ltr'><strong><em>jussit,</em></strong></span> <span class='ocrx_word' id='word_1_31' title='bbox 709 1145 778 1193; x_wconf 90' lang='lat' dir='ltr'><strong><em>nec</em></strong></span> <span class='ocrx_word' id='word_1_32' title='bbox 793 1122 933 1194; x_wconf 79' lang='lat' dir='ltr'><strong><em>habuit</em></strong></span> <span class='ocrx_word' id='word_1_33' title='bbox 953 1123 1079 1196; x_wconf 89' lang='lat' dir='ltr'><strong><em>brevis</em></strong></span> <span class='ocrx_word' id='word_1_34' title='bbox 1108 1125 1175 1198; x_wconf 87' lang='lat' dir='ltr'><strong><em>via</em></strong></span> <span class='ocrx_word' id='word_1_35' title='bbox 1200 1128 1366 1197; x_wconf 86' lang='lat' dir='ltr'><strong><em>multam</em></strong></span> <span class='ocrx_word' id='word_1_36' title='bbox 1393 1121 1641 1223; x_wconf 83' lang='lat' dir='ltr'><strong><em>apportandi</em></strong></span> <span class='ocrx_word' id='word_1_37' title='bbox 1664 1154 1751 1199; x_wconf 85' lang='lat' dir='ltr'><strong><em>mo·</em></strong></span> <span class='ocrx_word' id='word_1_38' title='bbox 1818 1213 1820 1220; x_wconf 18' lang='grc' dir='ltr'><strong><em>Α</em></strong></span> 
     </span>
     <span class='ocr_line' id='line_1_6' title="bbox 137 1247 1749 1353; baseline 0.007 -35"><span class='ocrx_word' id='word_1_39' title='bbox 137 1247 304 1320; x_wconf 81' lang='lat' dir='ltr'><strong><em>bestiam.</em></strong></span> <span class='ocrx_word' id='word_1_40' title='bbox 362 1251 457 1322; x_wconf 81' lang='lat' dir='ltr'><strong><em>Turn</em></strong></span> <span class='ocrx_word' id='word_1_41' title='bbox 473 1251 704 1324; x_wconf 82' lang='lat' dir='ltr'><strong><em>Hbskuldus</em></strong></span> <span class='ocrx_word' id='word_1_42' title='bbox 719 1279 804 1326; x_wconf 91' lang='lat' dir='ltr'><strong><em>cum</em></strong></span> <span class='ocrx_word' id='word_1_43' title='bbox 814 1255 960 1350; x_wconf 82' lang='lat' dir='ltr'><strong><em>paucis</em></strong></span> <span class='ocrx_word' id='word_1_44' title='bbox 976 1255 1131 1328; x_wconf 81' lang='lat' dir='ltr'><strong><em>domum</em></strong></span> <span class='ocrx_word' id='word_1_45' title='bbox 1152 1257 1361 1353; x_wconf 75' lang='lat' dir='ltr'><strong><em>eqvitavit5</em></strong></span> <span class='ocrx_word' id='word_1_46' title='bbox 1395 1284 1463 1329; x_wconf 90' lang='lat' dir='ltr'><strong><em>nec</em></strong></span> <span class='ocrx_word' id='word_1_47' title='bbox 1474 1259 1616 1331; x_wconf 89' lang='lat' dir='ltr'><strong><em>mirum</em></strong></span> <span class='ocrx_word' id='word_1_48' title='bbox 1631 1259 1749 1330; x_wconf 85' lang='lat' dir='ltr'><strong><em>sibe·-</em></strong></span> 
     </span>
     <span class='ocr_line' id='line_1_7' title="bbox 137 1381 1750 1486; baseline 0.006 -34"><span class='ocrx_word' id='word_1_49' title='bbox 137 1381 254 1476; x_wconf 83' lang='lat' dir='ltr'><strong><em>nigne</em></strong></span> <span class='ocrx_word' id='word_1_50' title='bbox 278 1396 460 1477; x_wconf 78' lang='lat' dir='ltr'><strong><em>exceptus</em></strong></span> <span class='ocrx_word' id='word_1_51' title='bbox 484 1395 552 1454; x_wconf 86' lang='lat' dir='ltr'><strong><em>est.</em></strong></span> <span class='ocrx_word' id='word_1_52' title='bbox 614 1385 1075 1457; x_wconf 83' lang='lat' dir='ltr'><strong><em>Nullumdetrimentnm</em></strong></span> <span class='ocrx_word' id='word_1_53' title='bbox 1093 1411 1171 1482; x_wconf 82' lang='lat' dir='ltr'><strong><em>per</em></strong></span> <span class='ocrx_word' id='word_1_54' title='bbox 1198 1387 1351 1460; x_wconf 89' lang='lat' dir='ltr'><strong><em>itineris</em></strong></span> <span class='ocrx_word' id='word_1_55' title='bbox 1376 1403 1526 1486; x_wconf 81' lang='lat' dir='ltr'><strong><em>tempus</em></strong></span> <span class='ocrx_word' id='word_1_56' title='bbox 1553 1414 1613 1462; x_wconf 83' lang='lat' dir='ltr'><strong><em>res</em></strong></span> <span class='ocrx_word' id='word_1_57' title='bbox 1639 1393 1750 1462; x_wconf 85' lang='lat' dir='ltr'><strong><em>illins</em></strong></span> 
     </span>
     <span class='ocr_line' id='line_1_8' title="bbox 137 1516 1749 1617; baseline 0.008 -36"><span class='ocrx_word' id='word_1_58' title='bbox 137 1525 388 1604; x_wconf 75' lang='lat' dir='ltr'><strong><em>acceperant·</em></strong></span> <span class='ocrx_word' id='word_1_59' title='bbox 434 1516 618 1588; x_wconf 82' lang='lat' dir='ltr'><strong><em>Jorunrto</em></strong></span> <span class='ocrx_word' id='word_1_60' title='bbox 629 1519 799 1614; x_wconf 78' lang='lat' dir='ltr'><strong><em>rogavit,</em></strong></span> <span class='ocrx_word' id='word_1_61' title='bbox 820 1541 999 1614; x_wconf 82' lang='lat' dir='ltr'><strong><em>qroenom</em></strong></span> <span class='ocrx_word' id='word_1_62' title='bbox 1014 1531 1112 1590; x_wconf 82' lang='lat' dir='ltr'><strong><em>esset</em></strong></span> <span class='ocrx_word' id='word_1_63' title='bbox 1131 1518 1205 1587; x_wconf 78' lang='lat' dir='ltr'><strong><em>itte</em></strong></span> <span class='ocrx_word' id='word_1_64' title='bbox 1227 1523 1378 1610; x_wconf 82' lang='lat' dir='ltr'><strong><em>mulier,</em></strong></span> <span class='ocrx_word' id='word_1_65' title='bbox 1400 1547 1484 1617; x_wconf 80' lang='lat' dir='ltr'><strong><em>qvae</em></strong></span> <span class='ocrx_word' id='word_1_66' title='bbox 1497 1524 1609 1594; x_wconf 79' lang='lat' dir='ltr'><strong><em>ilium</em></strong></span> <span class='ocrx_word' id='word_1_67' title='bbox 1627 1527 1749 1594; x_wconf 84' lang='lat' dir='ltr'><strong><em>comi-</em></strong></span> 
     </span>
     <span class='ocr_line' id='line_1_9' title="bbox 137 1647 1750 1748; baseline 0.007 -35"><span class='ocrx_word' id='word_1_68' title='bbox 137 1655 301 1716; x_wconf 86' lang='lat' dir='ltr'><strong><em>taretur.</em></strong></span> <span class='ocrx_word' id='word_1_69' title='bbox 353 1647 602 1729; x_wconf 73' lang='lat' dir='ltr'><strong><em>Hbsbuldus:</em></strong></span> <span class='ocrx_word' id='word_1_70' title='bbox 628 1662 728 1737; x_wconf 86' lang='lat' dir='ltr'><strong><em>tum,</em></strong></span> <span class='ocrx_word' id='word_1_71' title='bbox 754 1651 899 1746; x_wconf 79' lang='lat' dir='ltr'><strong><em>inqvit,</em></strong></span> <span class='ocrx_word' id='word_1_72' title='bbox 934 1650 1005 1722; x_wconf 89' lang='lat' dir='ltr'><strong><em>tibi</em></strong></span> <span class='ocrx_word' id='word_1_73' title='bbox 1026 1649 1145 1725; x_wconf 83' lang='lat' dir='ltr'><strong><em>verba</em></strong></span> <span class='ocrx_word' id='word_1_74' title='bbox 1173 1653 1268 1721; x_wconf 81' lang='lat' dir='ltr'><strong><em>dari</em></strong></span> <span class='ocrx_word' id='word_1_75' title='bbox 1288 1653 1443 1756; x_wconf 74' lang='lat' dir='ltr'><strong><em>rebare,</em></strong></span> <span class='ocrx_word' id='word_1_76' title='bbox 1472 1655 1506 1726; x_wconf 85' lang='lat' dir='ltr'><strong><em>si</em></strong></span> <span class='ocrx_word' id='word_1_77' title='bbox 1529 1677 1629 1748; x_wconf 80' lang='lat' dir='ltr'><strong><em>ego</em></strong></span> <span class='ocrx_word' id='word_1_78' title='bbox 1613 1667 1750 1724; x_wconf 82' lang='lat' dir='ltr'><strong><em>memet</em></strong></span> 
     </span>
     <span class='ocr_line' id='line_1_10' title="bbox 137 1777 1748 1882; baseline 0.007 -37"><span class='ocrx_word' id='word_1_79' title='bbox 137 1777 249 1848; x_wconf 77' lang='lat' dir='ltr'><strong><em>illius</em></strong></span> <span class='ocrx_word' id='word_1_80' title='bbox 269 1803 406 1850; x_wconf 87' lang='lat' dir='ltr'><strong><em>nomen</em></strong></span> <span class='ocrx_word' id='word_1_81' title='bbox 425 1781 524 1852; x_wconf 88' lang='lat' dir='ltr'><strong><em>scire</em></strong></span> <span class='ocrx_word' id='word_1_82' title='bbox 542 1781 702 1882; x_wconf 80' lang='lat' dir='ltr'><strong><em>negabo.</em></strong></span> <span class='ocrx_word' id='word_1_83' title='bbox 766 1783 969 1854; x_wconf 85' lang='lat' dir='ltr'><strong><em>Jorunna:</em></strong></span> <span class='ocrx_word' id='word_1_84' title='bbox 993 1783 1333 1879; x_wconf 81' lang='lat' dir='ltr'><strong><em>alterutrumjam</em></strong></span> <span class='ocrx_word' id='word_1_85' title='bbox 1344 1809 1424 1880; x_wconf 80' lang='lat' dir='ltr'><strong><em>pro</em></strong></span> <span class='ocrx_word' id='word_1_86' title='bbox 1453 1799 1556 1858; x_wconf 87' lang='lat' dir='ltr'><strong><em>certo</em></strong></span> <span class='ocrx_word' id='word_1_87' title='bbox 1578 1785 1748 1856; x_wconf 83' lang='lat' dir='ltr'><strong><em>habebo:</em></strong></span> 
     </span>
    </p>

    <p class='ocr_par' dir='ltr' id='par_1_3' title="bbox 135 1890 1821 2400">
     <span class='ocr_line' id='line_1_11' title="bbox 135 1890 1747 2010; baseline 0.006 -32"><span class='ocrx_word' id='word_1_88' title='bbox 135 1920 209 1978; x_wconf 89' lang='lat' dir='ltr'><strong><em>aut</em></strong></span> <span class='ocrx_word' id='word_1_89' title='bbox 222 1910 377 2000; x_wconf 83' lang='lat' dir='ltr'><strong><em>salsum</em></strong></span> <span class='ocrx_word' id='word_1_90' title='bbox 393 1935 473 1986; x_wconf 85' lang='lat' dir='ltr'><strong><em>esse</em></strong></span> <span class='ocrx_word' id='word_1_91' title='bbox 489 1938 574 1984; x_wconf 92' lang='lat' dir='ltr'><strong><em>eum</em></strong></span> <span class='ocrx_word' id='word_1_92' title='bbox 591 1915 872 2010; x_wconf 87' lang='lat' dir='ltr'><strong><em>rumorem,qu</em></strong></span> <span class='ocrx_word' id='word_1_93' title='bbox 866 1915 946 1982; x_wconf 86' lang='lat' dir='ltr'><strong><em>ad</em></strong></span> <span class='ocrx_word' id='word_1_94' title='bbox 968 1937 1075 1984; x_wconf 87' lang='lat' dir='ltr'><strong><em>meas</em></strong></span> <span class='ocrx_word' id='word_1_95' title='bbox 1099 1937 1216 1984; x_wconf 87' lang='lat' dir='ltr'><strong><em>aures</em></strong></span> <span class='ocrx_word' id='word_1_96' title='bbox 1234 1890 1429 2008; x_wconf 82' lang='lat' dir='ltr'><strong><em>pervenit,</em></strong></span> <span class='ocrx_word' id='word_1_97' title='bbox 1455 1931 1527 1986; x_wconf 85' lang='lat' dir='ltr'><strong><em>out</em></strong></span> <span class='ocrx_word' id='word_1_98' title='bbox 1542 1931 1578 1987; x_wconf 86' lang='lat' dir='ltr'><strong><em>te</em></strong></span> <span class='ocrx_word' id='word_1_99' title='bbox 1594 1930 1747 1988; x_wconf 87' lang='lat' dir='ltr'><strong><em>tantum</em></strong></span> 
     </span>
     <span class='ocr_line' id='line_1_12' title="bbox 136 2023 1821 2140; baseline 0.006 -33"><span class='ocrx_word' id='word_1_100' title='bbox 136 2063 222 2108; x_wconf 91' lang='lat' dir='ltr'><strong><em>cum</em></strong></span> <span class='ocrx_word' id='word_1_101' title='bbox 248 2023 323 2109; x_wconf 80' lang='lat' dir='ltr'><strong><em>itta</em></strong></span> <span class='ocrx_word' id='word_1_102' title='bbox 351 2045 583 2138; x_wconf 84' lang='lat' dir='ltr'><strong><em>colloqvium</em></strong></span> <span class='ocrx_word' id='word_1_103' title='bbox 606 2044 798 2132; x_wconf 77' lang='lat' dir='ltr'><strong><em>habuisse,</em></strong></span> <span class='ocrx_word' id='word_1_104' title='bbox 821 2055 1008 2140; x_wconf 82' lang='lat' dir='ltr'><strong><em>qvontum</em></strong></span> <span class='ocrx_word' id='word_1_105' title='bbox 1031 2047 1087 2114; x_wconf 82' lang='lat' dir='ltr'><strong><em>ad</em></strong></span> <span class='ocrx_word' id='word_1_106' title='bbox 1109 2047 1362 2138; x_wconf 83' lang='lat' dir='ltr'><strong><em>rogitandum</em></strong></span> <span class='ocrx_word' id='word_1_107' title='bbox 1393 2049 1440 2116; x_wconf 81' lang='lat' dir='ltr'><strong><em>de</em></strong></span> <span class='ocrx_word' id='word_1_108' title='bbox 1463 2047 1572 2116; x_wconf 84' lang='lat' dir='ltr'><strong><em>illius</em></strong></span> <span class='ocrx_word' id='word_1_109' title='bbox 1596 2051 1749 2117; x_wconf 90' lang='lat' dir='ltr'><strong><em>nomine</em></strong></span> <span class='ocrx_word' id='word_1_110' title='bbox 1813 2085 1821 2098; x_wconf 66' lang='grc'><strong>«</strong></span> 
     </span>
     <span class='ocr_line' id='line_1_13' title="bbox 136 2169 1747 2284; baseline 0.004 -44"><span class='ocrx_word' id='word_1_111' title='bbox 136 2169 238 2241; x_wconf 79' lang='lat' dir='ltr'><strong><em>satis</em></strong></span> <span class='ocrx_word' id='word_1_112' title='bbox 258 2185 366 2241; x_wconf 88' lang='lat' dir='ltr'><strong><em>esset.</em></strong></span> <span class='ocrx_word' id='word_1_113' title='bbox 423 2173 519 2242; x_wconf 89' lang='lat' dir='ltr'><strong><em>Tum</em></strong></span> <span class='ocrx_word' id='word_1_114' title='bbox 540 2173 767 2246; x_wconf 80' lang='lat' dir='ltr'><strong><em>Hbsbuldue</em></strong></span> <span class='ocrx_word' id='word_1_115' title='bbox 796 2197 873 2242; x_wconf 90' lang='lat' dir='ltr'><strong><em>non</em></strong></span> <span class='ocrx_word' id='word_1_116' title='bbox 892 2173 1068 2267; x_wconf 82' lang='lat' dir='ltr'><strong><em>amplius</em></strong></span> <span class='ocrx_word' id='word_1_117' title='bbox 1094 2173 1347 2284; x_wconf 75' lang='lat' dir='ltr'><strong><em>tergiversari</em></strong></span> <span class='ocrx_word' id='word_1_118' title='bbox 1363 2188 1563 2284; x_wconf 85' lang='lat' dir='ltr'><strong><em>totamqve</em></strong></span> <span class='ocrx_word' id='word_1_119' title='bbox 1592 2201 1670 2248; x_wconf 90' lang='lat' dir='ltr'><strong><em>rem</em></strong></span> <span class='ocrx_word' id='word_1_120' title='bbox 1687 2179 1747 2247; x_wconf 89' lang='lat' dir='ltr'><strong><em>uti</em></strong></span> 
     </span>
     <span class='ocr_line' id='line_1_14' title="bbox 135 2302 1746 2400; baseline 0.003 -29"><span class='ocrx_word' id='word_1_121' title='bbox 135 2315 229 2374; x_wconf 84' lang='lat' dir='ltr'><strong><em>acta</em></strong></span> <span class='ocrx_word' id='word_1_122' title='bbox 247 2313 336 2374; x_wconf 88' lang='lat' dir='ltr'><strong><em>erot</em></strong></span> <span class='ocrx_word' id='word_1_123' title='bbox 350 2324 555 2392; x_wconf 87' lang='lat' dir='ltr'><strong><em>enarrare,</em></strong></span> <span class='ocrx_word' id='word_1_124' title='bbox 574 2316 690 2400; x_wconf 86' lang='lat' dir='ltr'><strong><em>atqve</em></strong></span> <span class='ocrx_word' id='word_1_125' title='bbox 706 2305 766 2375; x_wconf 89' lang='lat' dir='ltr'><strong><em>uti</em></strong></span> <span class='ocrx_word' id='word_1_126' title='bbox 780 2302 871 2375; x_wconf 81' lang='lat' dir='ltr'><strong><em>ituic</em></strong></span> <span class='ocrx_word' id='word_1_127' title='bbox 890 2303 1049 2374; x_wconf 83' lang='lat' dir='ltr'><strong><em>mulieri</em></strong></span> <span class='ocrx_word' id='word_1_128' title='bbox 1065 2303 1203 2375; x_wconf 78' lang='lat' dir='ltr'><strong><em>Itonos</em></strong></span> <span class='ocrx_word' id='word_1_129' title='bbox 1213 2305 1422 2375; x_wconf 83' lang='lat' dir='ltr'><strong><em>baberetur</em></strong></span> <span class='ocrx_word' id='word_1_130' title='bbox 1437 2329 1658 2398; x_wconf 76' lang='lat' dir='ltr'><strong><em>exposcere,</em></strong></span> <span class='ocrx_word' id='word_1_131' title='bbox 1687 2309 1746 2376; x_wconf 83' lang='lat' dir='ltr'><strong><em>si-</em></strong></span> 
     </span>
    </p>

    <p class='ocr_par' dir='ltr' id='par_1_4' title="bbox 134 2433 1747 3062">
     <span class='ocr_line' id='line_1_15' title="bbox 134 2433 1747 2542; baseline 0.002 -37"><span class='ocrx_word' id='word_1_132' title='bbox 134 2433 246 2529; x_wconf 70' lang='lat' dir='ltr'><strong><em>biqve</em></strong></span> <span class='ocrx_word' id='word_1_133' title='bbox 268 2437 616 2532; x_wconf 74' lang='lat' dir='ltr'><strong><em>maximepbacere,</em></strong></span> <span class='ocrx_word' id='word_1_134' title='bbox 642 2447 686 2508; x_wconf 89' lang='lat' dir='ltr'><strong><em>ut</em></strong></span> <span class='ocrx_word' id='word_1_135' title='bbox 705 2435 810 2508; x_wconf 84' lang='lat' dir='ltr'><strong><em>domi</em></strong></span> <span class='ocrx_word' id='word_1_136' title='bbox 831 2434 945 2528; x_wconf 84' lang='lat' dir='ltr'><strong><em>apud</em></strong></span> <span class='ocrx_word' id='word_1_137' title='bbox 967 2455 1031 2504; x_wconf 76' lang='lat' dir='ltr'><strong><em>cot</em></strong></span> <span class='ocrx_word' id='word_1_138' title='bbox 1051 2435 1177 2507; x_wconf 76' lang='lat' dir='ltr'><strong><em>vitam</em></strong></span> <span class='ocrx_word' id='word_1_139' title='bbox 1200 2438 1353 2532; x_wconf 74' lang='lat' dir='ltr'><strong><em>degeret</em></strong></span> <span class='ocrx_word' id='word_1_140' title='bbox 1368 2437 1577 2542; x_wconf 76' lang='lat' dir='ltr'><strong><em>affirmare.</em></strong></span> <span class='ocrx_word' id='word_1_141' title='bbox 1650 2439 1747 2508; x_wconf 83' lang='lat' dir='ltr'><strong><em>Tum</em></strong></span> 
     </span>
     <span class='ocr_line' id='line_1_16' title="bbox 135 2563 1745 2670; baseline 0.003 -32"><span class='ocrx_word' id='word_1_142' title='bbox 135 2567 338 2640; x_wconf 68' lang='lat' dir='ltr'><strong><em>borenna:</em></strong></span> <span class='ocrx_word' id='word_1_143' title='bbox 362 2591 441 2641; x_wconf 90' lang='lat' dir='ltr'><strong><em>non</em></strong></span> <span class='ocrx_word' id='word_1_144' title='bbox 457 2593 545 2665; x_wconf 81' lang='lat' dir='ltr'><strong><em>ego,</em></strong></span> <span class='ocrx_word' id='word_1_145' title='bbox 572 2569 717 2665; x_wconf 83' lang='lat' dir='ltr'><strong><em>inqvit,</em></strong></span> <span class='ocrx_word' id='word_1_146' title='bbox 753 2589 838 2643; x_wconf 86' lang='lat' dir='ltr'><strong><em>cum</em></strong></span> <span class='ocrx_word' id='word_1_147' title='bbox 852 2566 1062 2670; x_wconf 36' lang='lat' dir='ltr'><strong><em>&#39;meretrice</em></strong></span> <span class='ocrx_word' id='word_1_148' title='bbox 1085 2577 1173 2657; x_wconf 87' lang='lat' dir='ltr'><strong><em>tuo,</em></strong></span> <span class='ocrx_word' id='word_1_149' title='bbox 1205 2591 1320 2665; x_wconf 87' lang='lat' dir='ltr'><strong><em>qvam</em></strong></span> <span class='ocrx_word' id='word_1_150' title='bbox 1334 2593 1381 2641; x_wconf 82' lang='lat' dir='ltr'><strong><em>erc</em></strong></span> <span class='ocrx_word' id='word_1_151' title='bbox 1396 2563 1602 2663; x_wconf 74' lang='lat' dir='ltr'><strong><em>Norvbgio</em></strong></span> <span class='ocrx_word' id='word_1_152' title='bbox 1623 2581 1745 2644; x_wconf 78' lang='lat' dir='ltr'><strong><em>tecum</em></strong></span> 
     </span>
     <span class='ocr_line' id='line_1_17' title="bbox 135 2691 1745 2802; baseline 0.001 -32"><span class='ocrx_word' id='word_1_153' title='bbox 135 2701 350 2786; x_wconf 74' lang='lat' dir='ltr'><strong><em>advexisti,</em></strong></span> <span class='ocrx_word' id='word_1_154' title='bbox 383 2699 472 2802; x_wconf 76' lang='lat' dir='ltr'><strong><em>lites</em></strong></span> <span class='ocrx_word' id='word_1_155' title='bbox 506 2725 658 2797; x_wconf 78' lang='lat' dir='ltr'><strong><em>agam,</em></strong></span> <span class='ocrx_word' id='word_1_156' title='bbox 684 2700 840 2771; x_wconf 88' lang='lat' dir='ltr'><strong><em>etiarnsi</em></strong></span> <span class='ocrx_word' id='word_1_157' title='bbox 873 2691 1206 2772; x_wconf 69' lang='lat' dir='ltr'><strong><em>conversationem</em></strong></span> <span class='ocrx_word' id='word_1_158' title='bbox 1235 2700 1355 2796; x_wconf 82' lang='lat' dir='ltr'><strong><em>frugi</em></strong></span> <span class='ocrx_word' id='word_1_159' title='bbox 1387 2700 1585 2771; x_wconf 77' lang='lat' dir='ltr'><strong><em>bominum</em></strong></span> <span class='ocrx_word' id='word_1_160' title='bbox 1616 2702 1745 2772; x_wconf 89' lang='lat' dir='ltr'><strong><em>minus</em></strong></span> 
     </span>
     <span class='ocr_line' id='line_1_18' title="bbox 135 2831 1746 2930; baseline -0.002 -25"><span class='ocrx_word' id='word_1_161' title='bbox 135 2833 463 2928; x_wconf 78' lang='lat' dir='ltr'><strong><em>benecognoscot5</em></strong></span> <span class='ocrx_word' id='word_1_162' title='bbox 480 2833 553 2904; x_wconf 80' lang='lat' dir='ltr'><strong><em>ltoc</em></strong></span> <span class='ocrx_word' id='word_1_163' title='bbox 572 2857 662 2906; x_wconf 91' lang='lat' dir='ltr'><strong><em>vero</em></strong></span> <span class='ocrx_word' id='word_1_164' title='bbox 676 2833 820 2928; x_wconf 75' lang='lat' dir='ltr'><strong><em>optime</em></strong></span> <span class='ocrx_word' id='word_1_165' title='bbox 835 2855 893 2902; x_wconf 85' lang='lat' dir='ltr'><strong><em>ret</em></strong></span> <span class='ocrx_word' id='word_1_166' title='bbox 887 2833 1100 2928; x_wconf 79' lang='lat' dir='ltr'><strong><em>qvadrare</em></strong></span> <span class='ocrx_word' id='word_1_167' title='bbox 1115 2831 1213 2901; x_wconf 85' lang='lat' dir='ltr'><strong><em>milti</em></strong></span> <span class='ocrx_word' id='word_1_168' title='bbox 1223 2832 1387 2923; x_wconf 84' lang='lat' dir='ltr'><strong><em>videtur,</em></strong></span> <span class='ocrx_word' id='word_1_169' title='bbox 1404 2858 1438 2902; x_wconf 81' lang='lat' dir='ltr'><strong><em>st</em></strong></span> <span class='ocrx_word' id='word_1_170' title='bbox 1432 2833 1615 2904; x_wconf 85' lang='lat' dir='ltr'><strong><em>unditus</em></strong></span> <span class='ocrx_word' id='word_1_171' title='bbox 1631 2844 1746 2930; x_wconf 82' lang='lat' dir='ltr'><strong><em>atqve</em></strong></span> 
     </span>
     <span class='ocr_line' id='line_1_19' title="bbox 135 2941 1745 3062; baseline -0.001 -26"><span class='ocrx_word' id='word_1_172' title='bbox 135 2967 297 3062; x_wconf 78' lang='lat' dir='ltr'><strong><em>loqveloe</em></strong></span> <span class='ocrx_word' id='word_1_173' title='bbox 313 2966 433 3036; x_wconf 87' lang='lat' dir='ltr'><strong><em>simul</em></strong></span> <span class='ocrx_word' id='word_1_174' title='bbox 444 2990 538 3036; x_wconf 88' lang='lat' dir='ltr'><strong><em>usus</em></strong></span> <span class='ocrx_word' id='word_1_175' title='bbox 555 2967 670 3036; x_wconf 82' lang='lat' dir='ltr'><strong><em>deest.</em></strong></span> <span class='ocrx_word' id='word_1_176' title='bbox 730 2965 960 3036; x_wconf 76' lang='lat' dir='ltr'><strong><em>H&#39;o&#39;skuldus</em></strong></span> <span class='ocrx_word' id='word_1_177' title='bbox 985 2987 1113 3034; x_wconf 88' lang='lat' dir='ltr'><strong><em>omnes</em></strong></span> <span class='ocrx_word' id='word_1_178' title='bbox 1136 2975 1265 3033; x_wconf 88' lang='lat' dir='ltr'><strong><em>noctes</em></strong></span> <span class='ocrx_word' id='word_1_179' title='bbox 1282 2941 1492 3059; x_wconf 74' lang='lat' dir='ltr'><strong><em>Jiostqvoin</em></strong></span> <span class='ocrx_word' id='word_1_180' title='bbox 1506 2967 1660 3033; x_wconf 87' lang='lat' dir='ltr'><strong><em>domum</em></strong></span> <span class='ocrx_word' id='word_1_181' title='bbox 1679 2987 1745 3034; x_wconf 85' lang='lat' dir='ltr'><strong><em>re-</em></strong></span> 
     </span>
    </p>

    <p class='ocr_par' dir='ltr' id='par_1_5' title="bbox 129 3087 1829 4773">
     <span class='ocr_line' id='line_1_20' title="bbox 135 3087 1744 3193; baseline -0.002 -23"><span class='ocrx_word' id='word_1_182' title='bbox 135 3101 268 3170; x_wconf 82' lang='lat' dir='ltr'><strong><em>dierat</em></strong></span> <span class='ocrx_word' id='word_1_183' title='bbox 289 3099 402 3193; x_wconf 84' lang='lat' dir='ltr'><strong><em>opud</em></strong></span> <span class='ocrx_word' id='word_1_184' title='bbox 427 3122 585 3170; x_wconf 79' lang='lat' dir='ltr'><strong><em>uxorem</em></strong></span> <span class='ocrx_word' id='word_1_185' title='bbox 613 3096 813 3184; x_wconf 78' lang='lat' dir='ltr'><strong><em>decubuit,</em></strong></span> <span class='ocrx_word' id='word_1_186' title='bbox 861 3087 1143 3191; x_wconf 76' lang='lat' dir='ltr'><strong><em>infrequentior</em></strong></span> <span class='ocrx_word' id='word_1_187' title='bbox 1174 3105 1305 3165; x_wconf 87' lang='lat' dir='ltr'><strong><em>autem</em></strong></span> <span class='ocrx_word' id='word_1_188' title='bbox 1327 3108 1415 3166; x_wconf 88' lang='lat' dir='ltr'><strong><em>erat</em></strong></span> <span class='ocrx_word' id='word_1_189' title='bbox 1436 3119 1521 3166; x_wconf 90' lang='lat' dir='ltr'><strong><em>cum</em></strong></span> <span class='ocrx_word' id='word_1_190' title='bbox 1545 3088 1744 3168; x_wconf 85' lang='lat' dir='ltr'><strong><em>meretrice</em></strong></span> 
     </span>
     <span class='ocr_line' id='line_1_21' title="bbox 135 3227 1744 3322; baseline -0.004 -21"><span class='ocrx_word' id='word_1_191' title='bbox 135 3230 391 3302; x_wconf 85' lang='lat' dir='ltr'><strong><em>conversatio.</em></strong></span> <span class='ocrx_word' id='word_1_192' title='bbox 452 3227 618 3301; x_wconf 83' lang='lat' dir='ltr'><strong><em>Cuilibet</em></strong></span> <span class='ocrx_word' id='word_1_193' title='bbox 622 3229 711 3321; x_wconf 81' lang='lat' dir='ltr'><strong><em>suit</em></strong></span> <span class='ocrx_word' id='word_1_194' title='bbox 727 3227 768 3299; x_wconf 90' lang='lat' dir='ltr'><strong><em>in</em></strong></span> <span class='ocrx_word' id='word_1_195' title='bbox 782 3227 858 3300; x_wconf 80' lang='lat' dir='ltr'><strong><em>bac</em></strong></span> <span class='ocrx_word' id='word_1_196' title='bbox 873 3227 1071 3300; x_wconf 84' lang='lat' dir='ltr'><strong><em>meretrice</em></strong></span> <span class='ocrx_word' id='word_1_197' title='bbox 1082 3237 1312 3320; x_wconf 83' lang='lat' dir='ltr'><strong><em>spectatum,</em></strong></span> <span class='ocrx_word' id='word_1_198' title='bbox 1334 3227 1435 3322; x_wconf 83' lang='lat' dir='ltr'><strong><em>qvod</em></strong></span> <span class='ocrx_word' id='word_1_199' title='bbox 1450 3227 1744 3320; x_wconf 76' lang='lat' dir='ltr'><strong><em>magnanimum</em></strong></span> 
     </span>
     <span class='ocr_line' id='line_1_22' title="bbox 135 3355 1745 3458; baseline -0.005 -25"><span class='ocrx_word' id='word_1_200' title='bbox 135 3361 289 3458; x_wconf 80' lang='lat' dir='ltr'><strong><em>abiqvid</em></strong></span> <span class='ocrx_word' id='word_1_201' title='bbox 313 3361 452 3432; x_wconf 86' lang='lat' dir='ltr'><strong><em>inesset</em></strong></span> <span class='ocrx_word' id='word_1_202' title='bbox 468 3360 551 3448; x_wconf 88' lang='lat' dir='ltr'><strong><em>iili,</em></strong></span> <span class='ocrx_word' id='word_1_203' title='bbox 579 3381 646 3430; x_wconf 88' lang='lat' dir='ltr'><strong><em>nec</em></strong></span> <span class='ocrx_word' id='word_1_204' title='bbox 665 3359 751 3426; x_wconf 81' lang='lat' dir='ltr'><strong><em>otta</em></strong></span> <span class='ocrx_word' id='word_1_205' title='bbox 767 3357 907 3427; x_wconf 86' lang='lat' dir='ltr'><strong><em>mentis</em></strong></span> <span class='ocrx_word' id='word_1_206' title='bbox 932 3357 1145 3427; x_wconf 77' lang='lat' dir='ltr'><strong><em>aberratio.</em></strong></span> <span class='ocrx_word' id='word_1_207' title='bbox 1205 3356 1470 3448; x_wconf 69' lang='lat' dir='ltr'><strong><em>Praecipitate</em></strong></span> <span class='ocrx_word' id='word_1_208' title='bbox 1494 3367 1625 3424; x_wconf 85' lang='lat' dir='ltr'><strong><em>autem</em></strong></span> <span class='ocrx_word' id='word_1_209' title='bbox 1644 3355 1745 3448; x_wconf 77' lang='lat' dir='ltr'><strong><em>bye-</em></strong></span> 
     </span>
     <span class='ocr_line' id='line_1_23' title="bbox 134 3485 1744 3589; baseline -0.004 -23"><span class='ocrx_word' id='word_1_210' title='bbox 134 3518 194 3566; x_wconf 81' lang='lat' dir='ltr'><strong><em>me</em></strong></span> <span class='ocrx_word' id='word_1_211' title='bbox 212 3515 381 3589; x_wconf 83' lang='lat' dir='ltr'><strong><em>puerum</em></strong></span> <span class='ocrx_word' id='word_1_212' title='bbox 405 3491 584 3586; x_wconf 70' lang='lat' dir='ltr'><strong><em>peperit,</em></strong></span> <span class='ocrx_word' id='word_1_213' title='bbox 624 3501 706 3560; x_wconf 89' lang='lat' dir='ltr'><strong><em>tum</em></strong></span> <span class='ocrx_word' id='word_1_214' title='bbox 733 3511 823 3564; x_wconf 83' lang='lat' dir='ltr'><strong><em>vero</em></strong></span> <span class='ocrx_word' id='word_1_215' title='bbox 845 3488 1077 3560; x_wconf 79' lang='lat' dir='ltr'><strong><em>Ho&#39;skuldus</em></strong></span> <span class='ocrx_word' id='word_1_216' title='bbox 1103 3489 1347 3575; x_wconf 82' lang='lat' dir='ltr'><strong><em>advocatus,</em></strong></span> <span class='ocrx_word' id='word_1_217' title='bbox 1386 3487 1444 3554; x_wconf 89' lang='lat' dir='ltr'><strong><em>ita</em></strong></span> <span class='ocrx_word' id='word_1_218' title='bbox 1470 3485 1529 3556; x_wconf 87' lang='lat' dir='ltr'><strong><em>uti</em></strong></span> <span class='ocrx_word' id='word_1_219' title='bbox 1551 3487 1744 3570; x_wconf 70' lang='lat' dir='ltr'><strong><em>cateridc</em></strong></span> 
     </span>
     <span class='ocr_line' id='line_1_24' title="bbox 134 3617 1829 3724; baseline -0.007 -23"><span class='ocrx_word' id='word_1_220' title='bbox 134 3649 258 3724; x_wconf 82' lang='lat' dir='ltr'><strong><em>puero</em></strong></span> <span class='ocrx_word' id='word_1_221' title='bbox 279 3623 503 3724; x_wconf 82' lang='lat' dir='ltr'><strong><em>judicavit,</em></strong></span> <span class='ocrx_word' id='word_1_222' title='bbox 535 3623 636 3720; x_wconf 82' lang='lat' dir='ltr'><strong><em>qvod</em></strong></span> <span class='ocrx_word' id='word_1_223' title='bbox 650 3645 719 3694; x_wconf 89' lang='lat' dir='ltr'><strong><em>nec</em></strong></span> <span class='ocrx_word' id='word_1_224' title='bbox 736 3619 994 3694; x_wconf 77' lang='lat' dir='ltr'><strong><em>venustiorem</em></strong></span> <span class='ocrx_word' id='word_1_225' title='bbox 1017 3643 1086 3692; x_wconf 87' lang='lat' dir='ltr'><strong><em>nec</em></strong></span> <span class='ocrx_word' id='word_1_226' title='bbox 1105 3617 1347 3714; x_wconf 76' lang='lat' dir='ltr'><strong><em>augustioris</em></strong></span> <span class='ocrx_word' id='word_1_227' title='bbox 1370 3641 1540 3712; x_wconf 81' lang='lat' dir='ltr'><strong><em>unqvam</em></strong></span> <span class='ocrx_word' id='word_1_228' title='bbox 1556 3617 1660 3694; x_wconf 79' lang='lat' dir='ltr'><strong><em>visus</em></strong></span> <span class='ocrx_word' id='word_1_229' title='bbox 1678 3620 1745 3690; x_wconf 81' lang='lat' dir='ltr'><strong><em>in·</em></strong></span> <span class='ocrx_word' id='word_1_230' title='bbox 1826 3649 1829 3654; x_wconf 45' lang='lat'><em>¹</em></span> 
     </span>
     <span class='ocr_line' id='line_1_25' title="bbox 129 3749 1743 3854; baseline -0.006 -24"><span class='ocrx_word' id='word_1_231' title='bbox 129 3761 287 3854; x_wconf 80' lang='lat' dir='ltr'><strong><em>fantem</em></strong></span> <span class='ocrx_word' id='word_1_232' title='bbox 300 3756 470 3830; x_wconf 82' lang='lat' dir='ltr'><strong><em>vidisset.</em></strong></span> <span class='ocrx_word' id='word_1_233' title='bbox 510 3755 739 3828; x_wconf 78' lang='lat' dir='ltr'><strong><em>Hbsbuldus</em></strong></span> <span class='ocrx_word' id='word_1_234' title='bbox 756 3765 932 3850; x_wconf 81' lang='lat' dir='ltr'><strong><em>rogatus,</em></strong></span> <span class='ocrx_word' id='word_1_235' title='bbox 950 3777 1022 3852; x_wconf 83' lang='lat' dir='ltr'><strong><em>qvo</em></strong></span> <span class='ocrx_word' id='word_1_236' title='bbox 1038 3751 1193 3842; x_wconf 74' lang='lat' dir='ltr'><strong><em>nomine</em></strong></span> <span class='ocrx_word' id='word_1_237' title='bbox 1199 3774 1302 3846; x_wconf 84' lang='lat' dir='ltr'><strong><em>puer</em></strong></span> <span class='ocrx_word' id='word_1_238' title='bbox 1317 3749 1605 3844; x_wconf 66' lang='lat' dir='ltr'><strong><em>nuncupandus</em></strong></span> <span class='ocrx_word' id='word_1_239' title='bbox 1614 3750 1743 3820; x_wconf 79' lang='lat' dir='ltr'><strong><em>esset?</em></strong></span> 
     </span>
     <span class='ocr_line' id='line_1_26' title="bbox 139 3879 1742 3984; baseline -0.008 -19"><span class='ocrx_word' id='word_1_240' title='bbox 139 3895 307 3966; x_wconf 84' lang='lat' dir='ltr'><strong><em>Oiovum</em></strong></span> <span class='ocrx_word' id='word_1_241' title='bbox 322 3914 407 3960; x_wconf 87' lang='lat' dir='ltr'><strong><em>eum</em></strong></span> <span class='ocrx_word' id='word_1_242' title='bbox 422 3887 688 3984; x_wconf 82' lang='lat' dir='ltr'><strong><em>vocarijnssit</em></strong></span> <span class='ocrx_word' id='word_1_243' title='bbox 696 3909 711 3975; x_wconf 93' lang='lat'><strong><em>,·</em></strong></span> <span class='ocrx_word' id='word_1_244' title='bbox 732 3887 1054 3959; x_wconf 86' lang='lat' dir='ltr'><strong><em>namavunculus</em></strong></span> <span class='ocrx_word' id='word_1_245' title='bbox 1073 3885 1222 3956; x_wconf 83' lang='lat' dir='ltr'><strong><em>Oiovus</em></strong></span> <span class='ocrx_word' id='word_1_246' title='bbox 1238 3883 1380 3954; x_wconf 84' lang='lat' dir='ltr'><strong><em>Feilon</em></strong></span> <span class='ocrx_word' id='word_1_247' title='bbox 1407 3879 1621 3952; x_wconf 88' lang='lat' dir='ltr'><strong><em>breviante</em></strong></span> <span class='ocrx_word' id='word_1_248' title='bbox 1642 3881 1742 3952; x_wconf 86' lang='lat' dir='ltr'><strong><em>diem</em></strong></span> 
     </span>
     <span class='ocr_line' id='line_1_27' title="bbox 136 4011 1744 4112; baseline -0.009 -14"><span class='ocrx_word' id='word_1_249' title='bbox 136 4025 299 4098; x_wconf 88' lang='lat' dir='ltr'><strong><em>obierat.</em></strong></span> <span class='ocrx_word' id='word_1_250' title='bbox 336 4021 484 4091; x_wconf 86' lang='lat' dir='ltr'><strong><em>Olovns</em></strong></span> <span class='ocrx_word' id='word_1_251' title='bbox 496 4019 695 4112; x_wconf 83' lang='lat' dir='ltr'><strong><em>plerisqve</em></strong></span> <span class='ocrx_word' id='word_1_252' title='bbox 713 4017 851 4110; x_wconf 84' lang='lat' dir='ltr'><strong><em>pueris</em></strong></span> <span class='ocrx_word' id='word_1_253' title='bbox 864 4015 1235 4112; x_wconf 81' lang='lat' dir='ltr'><strong><em>praestantiorsuit,</em></strong></span> <span class='ocrx_word' id='word_1_254' title='bbox 1248 4015 1434 4110; x_wconf 84' lang='lat' dir='ltr'><strong><em>patriqve</em></strong></span> <span class='ocrx_word' id='word_1_255' title='bbox 1451 4011 1657 4084; x_wconf 80' lang='lat' dir='ltr'><strong><em>Hbskuldo</em></strong></span> <span class='ocrx_word' id='word_1_256' title='bbox 1672 4037 1744 4083; x_wconf 89' lang='lat' dir='ltr'><strong><em>ac-</em></strong></span> 
     </span>
     <span class='ocr_line' id='line_1_28' title="bbox 135 4130 1741 4253; baseline -0.006 -25"><span class='ocrx_word' id='word_1_257' title='bbox 135 4153 395 4253; x_wconf 81' lang='lat' dir='ltr'><strong><em>ceptissimus.</em></strong></span> <span class='ocrx_word' id='word_1_258' title='bbox 439 4151 776 4244; x_wconf 83' lang='lat' dir='ltr'><strong><em>AEstateseqvente</em></strong></span> <span class='ocrx_word' id='word_1_259' title='bbox 787 4148 889 4217; x_wconf 78' lang='lat' dir='ltr'><strong><em>dixit</em></strong></span> <span class='ocrx_word' id='word_1_260' title='bbox 908 4147 1102 4232; x_wconf 79' lang='lat' dir='ltr'><strong><em>Jorunna,</em></strong></span> <span class='ocrx_word' id='word_1_261' title='bbox 1118 4145 1313 4216; x_wconf 84' lang='lat' dir='ltr'><strong><em>meretrici</em></strong></span> <span class='ocrx_word' id='word_1_262' title='bbox 1335 4130 1409 4216; x_wconf 83' lang='lat' dir='ltr'><strong><em>aut</em></strong></span> <span class='ocrx_word' id='word_1_263' title='bbox 1426 4144 1601 4215; x_wconf 88' lang='lat' dir='ltr'><strong><em>laborem</em></strong></span> <span class='ocrx_word' id='word_1_264' title='bbox 1615 4141 1741 4218; x_wconf 83' lang='lat' dir='ltr'><strong><em>susci-</em></strong></span> 
     </span>
     <span class='ocr_line' id='line_1_29' title="bbox 129 4275 1739 4387; baseline -0.007 -26"><span class='ocrx_word' id='word_1_265' title='bbox 129 4289 323 4387; x_wconf 81' lang='lat' dir='ltr'><strong><em>piendum</em></strong></span> <span class='ocrx_word' id='word_1_266' title='bbox 334 4295 407 4354; x_wconf 89' lang='lat' dir='ltr'><strong><em>out</em></strong></span> <span class='ocrx_word' id='word_1_267' title='bbox 424 4283 570 4354; x_wconf 86' lang='lat' dir='ltr'><strong><em>edomo</em></strong></span> <span class='ocrx_word' id='word_1_268' title='bbox 581 4279 809 4352; x_wconf 85' lang='lat' dir='ltr'><strong><em>abeundum.</em></strong></span> <span class='ocrx_word' id='word_1_269' title='bbox 840 4275 1194 4351; x_wconf 72' lang='lat' dir='ltr'><strong><em>Htstntoueittam</em></strong></span> <span class='ocrx_word' id='word_1_270' title='bbox 1206 4275 1281 4346; x_wconf 81' lang='lat' dir='ltr'><strong><em>sibi</em></strong></span> <span class='ocrx_word' id='word_1_271' title='bbox 1289 4289 1404 4373; x_wconf 80' lang='lat' dir='ltr'><strong><em>atqve</em></strong></span> <span class='ocrx_word' id='word_1_272' title='bbox 1415 4275 1739 4371; x_wconf 76' lang='lat' dir='ltr'><strong><em>uxoriancibl&#39;ari,</em></strong></span> 
     </span>
     <span class='ocr_line' id='line_1_30' title="bbox 134 4407 1741 4516; baseline -0.007 -21"><span class='ocrx_word' id='word_1_273' title='bbox 134 4420 323 4516; x_wconf 87' lang='lat' dir='ltr'><strong><em>simulqve</em></strong></span> <span class='ocrx_word' id='word_1_274' title='bbox 327 4416 444 4512; x_wconf 86' lang='lat' dir='ltr'><strong><em>pueri</em></strong></span> <span class='ocrx_word' id='word_1_275' title='bbox 453 4433 726 4508; x_wconf 81' lang='lat' dir='ltr'><strong><em>curamgerere</em></strong></span> <span class='ocrx_word' id='word_1_276' title='bbox 725 4407 899 4507; x_wconf 86' lang='lat' dir='ltr'><strong><em>jubebat.</em></strong></span> <span class='ocrx_word' id='word_1_277' title='bbox 927 4409 1004 4479; x_wconf 83' lang='lat' dir='ltr'><strong><em>Sed</em></strong></span> <span class='ocrx_word' id='word_1_278' title='bbox 1012 4431 1097 4479; x_wconf 87' lang='lat' dir='ltr'><strong><em>cum</em></strong></span> <span class='ocrx_word' id='word_1_279' title='bbox 1101 4431 1204 4504; x_wconf 84' lang='lat' dir='ltr'><strong><em>puer</em></strong></span> <span class='ocrx_word' id='word_1_280' title='bbox 1213 4407 1362 4478; x_wconf 82' lang='lat' dir='ltr'><strong><em>biennis</em></strong></span> <span class='ocrx_word' id='word_1_281' title='bbox 1363 4409 1452 4503; x_wconf 86' lang='lat' dir='ltr'><strong><em>jorn</em></strong></span> <span class='ocrx_word' id='word_1_282' title='bbox 1461 4423 1568 4502; x_wconf 83' lang='lat' dir='ltr'><strong><em>esset,</em></strong></span> <span class='ocrx_word' id='word_1_283' title='bbox 1581 4413 1741 4506; x_wconf 87' lang='lat' dir='ltr'><strong><em>perfec-</em></strong></span> 
     </span>
     <span class='ocr_line' id='line_1_31' title="bbox 137 4541 1742 4645; baseline -0.007 -20"><span class='ocrx_word' id='word_1_284' title='bbox 137 4562 295 4625; x_wconf 87' lang='lat' dir='ltr'><strong><em>tuserat</em></strong></span> <span class='ocrx_word' id='word_1_285' title='bbox 313 4573 406 4620; x_wconf 87' lang='lat' dir='ltr'><strong><em>usus</em></strong></span> <span class='ocrx_word' id='word_1_286' title='bbox 418 4549 572 4644; x_wconf 81' lang='lat' dir='ltr'><strong><em>linqvoe,</em></strong></span> <span class='ocrx_word' id='word_1_287' title='bbox 588 4568 656 4616; x_wconf 87' lang='lat' dir='ltr'><strong><em>nec</em></strong></span> <span class='ocrx_word' id='word_1_288' title='bbox 665 4543 793 4616; x_wconf 90' lang='lat' dir='ltr'><strong><em>minor</em></strong></span> <span class='ocrx_word' id='word_1_289' title='bbox 797 4543 944 4638; x_wconf 84' lang='lat' dir='ltr'><strong><em>pedum</em></strong></span> <span class='ocrx_word' id='word_1_290' title='bbox 952 4541 1151 4631; x_wconf 85' lang='lat' dir='ltr'><strong><em>velocitas,</em></strong></span> <span class='ocrx_word' id='word_1_291' title='bbox 1167 4564 1282 4645; x_wconf 84' lang='lat' dir='ltr'><strong><em>qvam</em></strong></span> <span class='ocrx_word' id='word_1_292' title='bbox 1298 4541 1742 4638; x_wconf 82' lang='lat' dir='ltr'><strong><em>qvadriennibuspueris</em></strong></span> 
     </span>
     <span class='ocr_line' id='line_1_32' title="bbox 135 4659 1739 4773; baseline -0.007 -18"><span class='ocrx_word' id='word_1_293' title='bbox 135 4685 334 4759; x_wconf 81' lang='lat' dir='ltr'><strong><em>essesoiet.</em></strong></span> <span class='ocrx_word' id='word_1_294' title='bbox 360 4672 1436 4773; x_wconf 69' lang='lat' dir='ltr'><strong><em>AcciditaliquandoutHbsbulcbusmaneaddomestica</em></strong></span> <span class='ocrx_word' id='word_1_295' title='bbox 1446 4659 1739 4770; x_wconf 69' lang='lat' dir='ltr'><strong><em>negotiainspi-</em></strong></span> 
     </span>
    </p>
   </div>
   <div class='ocr_carea' id='block_1_3' title="bbox 136 4791 1742 5007">
    <p class='ocr_par' dir='ltr' id='par_1_6' title="bbox 136 4791 1742 5007">
     <span class='ocr_line' id='line_1_33' title="bbox 136 4791 1742 4929; baseline -0.006 -43"><span class='ocrx_word' id='word_1_296' title='bbox 136 4819 273 4900; x_wconf 72' lang='lat' dir='ltr'><strong><em>ciendo</em></strong></span> <span class='ocrx_word' id='word_1_297' title='bbox 285 4791 548 4910; x_wconf 74' lang='lat' dir='ltr'><strong><em>egrederetur3</em></strong></span> <span class='ocrx_word' id='word_1_298' title='bbox 566 4811 704 4882; x_wconf 76' lang='lat' dir='ltr'><strong><em>sudum</em></strong></span> <span class='ocrx_word' id='word_1_299' title='bbox 719 4803 912 4884; x_wconf 79' lang='lat' dir='ltr'><strong><em>coelum&amp;</em></strong></span> <span class='ocrx_word' id='word_1_300' title='bbox 924 4803 1120 4904; x_wconf 75' lang='lat' dir='ltr'><strong><em>affulgens</em></strong></span> <span class='ocrx_word' id='word_1_301' title='bbox 1131 4829 1256 4902; x_wconf 83' lang='lat' dir='ltr'><strong><em>nuper</em></strong></span> <span class='ocrx_word' id='word_1_302' title='bbox 1270 4818 1425 4929; x_wconf 74' lang='lat' dir='ltr'><strong><em>exortus</em></strong></span> <span class='ocrx_word' id='word_1_303' title='bbox 1441 4807 1510 4875; x_wconf 84' lang='lat' dir='ltr'><strong><em>sol.</em></strong></span> <span class='ocrx_word' id='word_1_304' title='bbox 1568 4805 1665 4882; x_wconf 83' lang='lat' dir='ltr'><strong><em>Tum.</em></strong></span> <span class='ocrx_word' id='word_1_305' title='bbox 1678 4807 1742 4878; x_wconf 82' lang='lat' dir='ltr'><strong><em>illi</em></strong></span> 
     </span>
     <span class='ocr_line' id='line_1_34' title="bbox 1462 4933 1543 5007; baseline 0.012 -1"><span class='ocrx_word' id='word_1_306' title='bbox 1462 4933 1494 5006; x_wconf 91' lang='lat' dir='ltr'><strong>E</strong></span> <span class='ocrx_word' id='word_1_307' title='bbox 1523 4957 1543 5007; x_wconf 81' lang='lat' dir='ltr'><strong><em>e</em></strong></span> 
     </span>
    </p>
   </div>
   <div class='ocr_carea' id='block_1_4' title="bbox 0 0 2146 5714">
    <p class='ocr_par' dir='ltr' id='par_1_7' title="bbox 0 0 2146 5714">
     <span class='ocr_line' id='line_1_35' title="bbox 0 0 2146 5714; baseline 0 3"><span class='ocrx_word' id='word_1_308' title='bbox 0 0 2146 5714; x_wconf 95' lang='lat' dir='ltr'><strong><em> </em></strong></span> 
     </span>
    </p>
   </div>
  </div>
 </body>
</html>
