4282 5714
745 546 753 562 -
871 478 1077 604 ..εῖτ-

161 749 237 798 nus
252 738 351 798 natu
365 728 566 824 grandior
579 727 689 800 illius
708 752 819 826 opem
842 729 883 799 in
900 729 958 809 rei
961 729 1560 820 familiaris*administratione
1574 739 1786 814 admodum
1803 745 1815 764 '

158 862 420 934 necessariam
430 863 580 938 babuit.
612 865 813 960 Hrappus
823 863 1024 961 plerisque
1034 889 1184 960 parum
1198 885 1385 965 acceptus
1396 874 1615 971 accolisque
1631 873 1785 972 iniquus

156 1017 435 1094 nonnunquam
443 997 1129 1094 loossermonesjactareanditusest:
1144 989 1786 1104 babitutionemjuturomgraeem

157 1126 255 1218 illis,
277 1131 345 1226 qui
360 1131 435 1200 sibi
452 1144 581 1204 essent
596 1131 732 1224 vicini5
756 1132 793 1202 si
810 1157 918 1232 qoem
938 1133 1064 1204 alium
1082 1159 1123 1206 se
1132 1140 1457 1240 prastantiorem
1475 1142 1662 1241 baberent
1667 1169 1682 1236 ,·
1699 1168 1786 1214 om·

57 1289 60 1296 ·
155 1285 224 1334 nes
231 1287 322 1334 vero
336 1264 477 1335 rustici
491 1232 592 1336 idem
606 1264 812 1336 consilium
827 1266 965 1340 iniere:
983 1240 1231 1340 Hbslculclum
1246 1274 1434 1344 adeuntes
1445 1275 1561 1370 deque
1572 1251 1783 1346 suismalis

156 1398 363 1491 conquesti
373 1410 473 1468 sunt.
528 1399 770 1487 Hbslculdus,
796 1399 927 1495 siquid
936 1403 1122 1472 damnum
1138 1403 1221 1473 illis
1236 1407 1448 1501 aHrappo
1466 1407 1692 1499 inferretur,
1709 1407 1783 1480 sibi

154 1530 337 1602 nuntiari
352 1532 472 1625 jussit
490 1531 678 1630 simulque
694 1533 859 1624 adjecit:
884 1533 954 1604 ille
967 1557 1036 1605 nec
1048 1535 1207 1609 clientes
1224 1541 1603 1634 necpecuniasmilzi
1615 1541 1779 1635 auferet.

836 1739 968 1827 CAP.
1002 1740 1094 1829 XI.

359 1893 550 2004 Tbordus
562 1933 740 2024 Gaddius
758 1937 984 2008 nominatus
999 1949 1057 2008 est
1074 1939 1147 2029 vir,
1166 1938 1231 2036 qai
1250 1939 1533 2010 inLaxardalo
1556 1937 1777 2030 habitabat,

150 2057 217 2132 illi
255 2061 490 2135 divitiarum
531 2063 801 2157 abundantia,
837 2070 941 2138 nulli
967 2093 1058 2140 vero
1089 2071 1357 2163 erantliberi3
1405 2072 1603 2166 praedium
1636 2070 1677 2140 in
1706 2093 1779 2167 qva
1888 2167 1894 2175 ι

149 2192 354 2266 babitaait
368 2207 528 2266 emerat.
580 2198 776 2293 Hrappio
796 2202 935 2272 accola
950 2225 1055 2296 sape
1073 2202 1209 2274 abillo
1231 2204 1380 2298 injuria
1397 2204 1576 2294 adfectus
1595 2215 1662 2292 ost,
1685 2204 1776 2274 Hb-

149 2327 282 2398 skuldi
291 2339 421 2400 autem
439 2353 512 2426 ope
525 2328 799 2403 babitaculum
816 2357 929 2404 suum
944 2333 1118 2404 retinuit.
1166 2335 1210 2408 V
1207 2335 1336 2430 igdisa
1349 2359 1447 2406 uxor
1462 2337 1544 2434 ejus
1560 2333 1777 2406 vocabatur

137 2461 237 2558 filia
255 2462 435 2560 Ingjaldi
453 2463 573 2536 Olaai
581 2463 669 2558 filii
685 2467 887 2559 Feilanis,·
918 2465 1066 2540 Tlrordi
1085 2467 1250 2538 Gelliris
1263 2493 1309 2540 ca
1311 2469 1452 2562 fratre
1473 2461 1654 2565 neptis&
1670 2467 1776 2539 Tbo-

151 2595 241 2691 rolfi
251 2595 451 2702 Rauduefi
468 2595 684 2696 (Rufinasr)
702 2601 1018 2692 Saudafellensis
1037 2600 1168 2698 neptis
1182 2625 1228 2673 ex
1241 2625 1382 2688 sorore.
1442 2601 1653 2694 Thorolfus
1672 2613 1778 2674 stre-

148 2731 303 2802 nuitate
324 2728 750 2831 insignissecundaqve
765 2759 858 2806 usus
863 2734 1051 2829 fortuna,
1075 2760 1181 2831 saepe
1207 2759 1234 2804 a
1246 2734 1485 2832 propinquis
1506 2735 1548 2806 in
1578 2733 1776 2806 auxilium

147 2863 344 2960 qvoesitus.
381 2867 424 2940 V
421 2865 550 2960 igdisa
561 2867 603 2937 in'
615 2867 912 2941 matrimonium
926 2871 1179 2944 eratelocata
1195 2869 1649 2964 divitiismagispollens
1660 2891 1776 2968 qvam

16 3055 17 3090 ἢ
144 2997 371 3094 speciosum.
431 3000 854 3093 Tbordoeratsereus,
880 3027 987 3100 qvem
1005 3004 1047 3075 in
1067 3003 1293 3075 islandiam
1313 3002 1475 3076 advexit
1491 3027 1629 3091 secum,
1647 3004 1683 3075 ci
1699 3028 1774 3076 no-

16 3099 17 3188 i
142 3155 233 3206 men
240 3129 474 3228 Ausgautus
482 3160 496 3230 ,·
524 3135 593 3208 ille
611 3159 842 3234 quamquam
862 3159 997 3211 servus
1014 3151 1188 3224 vocatus,
1205 3151 1335 3210 tamen
1354 3159 1515 3234 corpore
1530 3149 1618 3210 erat
1630 3160 1773 3234 magno

144 3280 263 3365 atqve
275 3269 486 3363 spectabili
501 3265 541 3340 &
556 3269 674 3338 multi
692 3293 788 3340 sane
803 3271 958 3342 nomine
979 3272 1130 3369 quidem
1148 3271 1262 3342 liberi
1287 3294 1327 3340 se
1347 3293 1432 3340 cum
1450 3270 1520 3340 illo
1538 3293 1773 3366 comparare

139 3425 292 3500 parum
295 3413 474 3498 potuere,
492 3401 705 3499 bonamqve
722 3403 791 3472 ille
800 3403 999 3498 preastitit
1016 3426 1176 3500 operam
1191 3403 1311 3496 lter03
1331 3403 1471 3496 plures
1486 3403 1636 3510 quidem
1656 3416 1773 3476 orant

147 3531 307 3608 Tbordo
332 3535 447 3624 servi,
471 3535 545 3607 etsi
558 3536 623 3606 bic
643 3535 752 3606 solus
766 3546 1006 3607 memoratus
1018 3547 1086 3606 est.
1143 3533 1407 3630 Tborbjiirnus
1425 3545 1513 3604 erat
1528 3534 1614 3606 viro
1634 3559 1772 3612 nomen

145 3671 210 3767 qvi
227 3669 269 3742 in
288 3669 526 3742 Laxarclalo
548 3669 703 3742 Tbordo
713 3669 922 3767 proximus
951 3680 1067 3767 atqve
1095 3691 1221 3764 supra
1248 3665 1365 3764 liujus
1387 3667 1587 3762 praedium
1603 3668 1770 3742 babita-

124 3805 222 3899 ,eit5
258 3803 324 3875 illl
343 3815 432 3876 erat
454 3804 648 3900 Slriupus
676 3816 968 3902 cognomentum
975 3827 990 3898 ,·
1024 3803 1259 3876 divitiarum
1282 3801 1347 3874 illi
1374 3825 1522 3898 magna
1538 3802 1675 3899 copia,
1702 3805 1770 3877 iu-'

141 3939 287 4035 primis
303 3961 445 4010 aarum
462 3950 578 4035 atqve
596 3951 824 4034 argentum,·
851 3951 1011 4012 statura
1033 3949 1122 4010 erat
1143 3961 1290 4034 magna
1307 3935 1479 4032 eiresqoe
1487 3938 1769 4032 praevalentes,

144 4047 327 4148 nouerat
336 4072 511 4168 profusa
533 4073 794 4168 pecuniarum
812 4073 976 4169 largitio
1000 4053 1099 4168 erga¹
1114 4071 1255 4166 vulgus
1277 4069 1487 4144 bominum.
1539 4071 1769 4148 Hbskuldus

144 4209 218 4283 boc
240 4207 494 4281 domesticam
517 4229 597 4278 rem
604 4257 617 4292 ,
661 4218 807 4278 coetera
828 4205 1051 4302 florentem,
1078 4203 1264 4277 laborare
1282 4215 1416 4294 ratus,
1454 4207 1558 4303 qvod
1568 4209 1769 4304 praedium

144 4344 274 4418 rninus
291 4367 405 4442 qoam
420 4342 499 4440 ipsi
510 4342 690 4439 placeret
703 4339 795 4414 bene
811 4339 1049 4438 adificatam
1064 4353 1173 4435 esset,
1197 4340 1333 4416 navim
1349 4364 1376 4411 a
1395 4340 1768 4439 oiroltjatctandtco

147 4493 346 4575 coemam,
367 4483 524 4578 tumque
544 4479 601 4550 acl
624 4476 767 4550 ostium
784 4474 971 4574 fluminis
990 4475 1173 4551 Blanda
1189 4475 1231 4550 in
1253 4476 1388 4549 littore
1413 4487 1584 4548 stantem
1609 4481 1666 4551 acl
1691 4480 1766 4552 iter

145 4615 403 4717 preparavit
416 4613 633 4712 palamqoe
645 4611 749 4706 secit
764 4637 844 4686 sese
855 4637 1022 4710 peregre
1031 4611 1324 4710 profecturum,
1355 4611 1471 4684 uxori
1486 4607 1676 4686 Jorunnoe
1692 4615 1766 4686 do-

148 4754 349 4827 mesticam
365 4773 445 4821 rern
459 4761 574 4846 atqve
595 4747 736 4821 liberas
753 4749 967 4821 servandas
980 4749 1210 4846 relinquens.
1267 4751 1359 4824 lam
1377 4747 1465 4822 vela
1489 4749 1614 4819 ventis
1640 4749 1712 4818 dat
1728 4743 1766 4822 8<

146 4901 259 4964 vento
270 4887 430 4984 serente
446 4885 611 4956 secundo
630 4885 686 4954 ad
701 4873 917 4956 australem
927 4883 1135 4982 Noroegioe
1149 4907 1259 4956 oram
1275 4882 1449 4978 appulit,
1466 4891 1583 4975 atqve
1598 4881 1638 4954 in
1651 4881 1765 4958 Her.

1477 5013 1514 5086 D
1542 5037 1563 5086 a
