4262 5722
819 537 1025 651 ...192

113 783 188 883 filii
206 781 482 880 comperientes
502 803 604 878 agre
618 781 741 854 tulere
746 806 762 875 ,·
789 793 871 853 tum
886 781 1003 852 multi
1018 782 1178 852 illorum
1205 783 1349 872 adulti,
1375 779 1413 856 8<
1430 807 1525 859 sone
1547 803 1635 862 erat
1660 795 1734 867 iila

119 943 206 1018 gens
219 918 331 991 haud
344 917 427 989 sirie
444 927 592 988 terrore
606 913 932 1012 aggredientibus.
978 912 1138 988 Hrutus
1155 915 1231 986 hac
1247 919 1294 988 de
1317 943 1450 1006 causo,
1469 929 1654 1016 qvomodo
1669 953 1734 1004 es..

120 1065 173 1126 set
188 1051 417 1141 tractanda,
435 1051 536 1148 leges
546 1048 806 1140 consultabat,
818 1072 902 1145 qva
916 1071 1002 1120 oum
1015 1047 1335 1122 aJurisconsulto
1350 1066 1448 1126 esset
1462 1058 1630 1154 cognita,
1645 1085 1732 1156 pn·-

119 1208 202 1257 rum
224 1183 444 1256 Hrutianis
459 1183 574 1256 cessit
590 1206 636 1252 ex
649 1194 739 1254 voto
746 1207 761 1270 ;
787 1182 922 1278 magni
932 1182 1033 1253 enim
1049 1182 1232 1252 momenti
1241 1183 1366 1255 visum
1383 1199 1450 1277 est,
1468 1192 1568 1283 qvod
1575 1193 1733 1268 Hrutus

119 1315 295 1388 libertum
310 1315 394 1388 sine
409 1317 605 1389 Hdskuldi
632 1315 748 1388 venia
773 1316 815 1386 in
840 1315 950 1384 illius
976 1338 1116 1409 agrum
1141 1315 1393 1412 deposuerat,
1435 1332 1550 1416 atqve
1573 1324 1734 1399 libertus
1764 1379 1771 1388 ,

117 1449 254 1522 ibidem
271 1467 362 1543 opes
376 1461 518 1522 nactus
533 1461 622 1520 erat
630 1473 644 1540 ,·
672 1449 829 1545 ideoqve
847 1447 1075 1522 Ticerleikus
1090 1470 1175 1517 eum
1192 1447 1233 1517 in
1250 1473 1320 1520 suo
1343 1464 1516 1546 paterno
1539 1482 1638 1551 agro
1662 1460 1732 1531 ob·
1769 1467 1770 1472 ’

118 1593 335 1655 truncarat.
387 1583 545 1657 Hrutus
563 1583 694 1678 itaque
711 1603 815 1677 agre
829 1604 941 1652 suam
960 1593 1101 1652 sortem
1111 1581 1300 1676 pertulit.
1340 1585 1483 1656 Postea
1506 1587 1734 1663 Thorleilcus

116 1717 171 1790 ad
183 1715 310 1788 Hruti
326 1727 441 1813 atqve
455 1716 656 1788 Hiislcuidi
673 1716 817 1788 limites
831 1715 973 1787 citiam
987 1713 1189 1792 exstruxit.
1256 1714 1539 1790 Kambsnesum
1560 1745 1607 1791 ea
1631 1724 1732 1797 cilia

114 1861 267 1926 vocata.
304 1848 367 1922 Ibi
389 1848 620 1922 Tisorleikus
630 1872 708 1944 per
720 1848 883 1944 aliquod
897 1859 1049 1940 tempus
1059 1844 1270 1918 habitabat
1286 1849 1347 1920 uti
1362 1864 1482 1952 antea
1501 1853 1648 1927 dictum
1663 1871 1731 1930 eet.

118 1981 410 2084 Thorleikus—ea
423 2003 543 2052 uxore
557 1979 854 2073 nactusfllium,
894 1977 957 2049 ilii
967 2000 1095 2074 puero
1113 2003 1217 2074 aqva
1242 1981 1453 2072 superfusa
1476 2009 1612 2080 nomen
1628 1989 1732 2062 Boi..

89 2183 92 2188 .
113 2116 193 2185 lius
210 2113 395 2207 inditum,
425 2110 532 2186 brevi
550 2113 619 2183 ille
634 2112 1008 2202 excellentissormae
1025 2109 1097 2180 cir.
1659 2091 1663 2098 ’

755 2409 886 2512 CAP.
924 2421 1097 2510 XXVI.

310 2623 665 2747 Hiishuldusfilius
685 2651 898 2723 Daiakoiii
910 2661 1030 2722 aetate
1036 2651 1128 2748 jam
1138 2651 1307 2746 grandis
1326 2652 1367 2723 in
1385 2655 1559 2727 morbum
1580 2657 1730 2732 incidit.

110 2793 212 2868 Tum
218 2787 330 2884 filios
348 2787 719 2884 ceterosqveamicos
733 2797 849 2880 atqve
858 2784 1105 2880 propinquos
1120 2783 1240 2860 misso
1258 2785 1397 2856 nuntio
1423 2789 1480 2858 ad
1507 2813 1547 2860 se
1564 2795 1730 2864 vocavit.

107 2925 190 3015 Qvi
205 2923 262 2993 ad
276 2945 361 2994 eum
380 2945 466 2994 cum
482 2920 685 3008 venissent,
705 2919 860 3012 fratres
882 2915 1129 2990 Thorieihum
1145 2898 1261 3010 atqve
1274 2918 1456 2993 Bardum
1473 2921 1532 2992 ita
1556 2925 1736 3020 alloqui<

107 3069 200 3128 tur:
232 3055 324 3124 dam
345 3050 613 3146 infirmitatem
628 3049 824 3143 qvondam
840 3047 984 3134 ceretio,
1009 3069 1079 3118 nea
1098 3047 1257 3120 solitum
1273 3047 1372 3117 milri
1392 3051 1729 3132 valetudinarium

106 3210 196 3260 esse
204 3211 218 3276 ,·
245 3184 385 3254 tertius
401 3193 532 3252 autem
544 3179 642 3250 milii
654 3177 771 3271 filius
788 3185 846 3246 est
868 3186 981 3245 extra
1005 3177 1298 3248 matrimonium
1321 3193 1457 3270 natus,
1494 3181 1649 3280 ideoqve
1666 3211 1730 3257 cos

96 3321 266 3414 fratres
281 3335 393 3407 rogo,
420 3295 468 3381 ut
486 3312 654 3382 Olacum
678 3309 719 3376 in
739 3306 987 3376 noereditatis
1005 3307 1096 3389 iura
1119 3307 1336 3400 recipiatis,
1363 3309 1423 3376 uti
1441 3311 1598 3380 tertiam
1613 3338 1730 3408 opum

105 3461 272 3547 partem
295 3441 488 3516 vobiscum
511 3439 716 3511 sortiatur.
766 3435 930 3510 Bardus
950 3436 1069 3530 prior
1093 3437 1297 3530 respondit
1320 3449 1436 3532 atqve
1457 3440 1576 3528 dixit,
1603 3469 1642 3514 se
1658 3447 1730 3518 lzoc

98 3585 319 3678 facturum
334 3575 544 3647 secundum
564 3573 804 3645 voluntatem
820 3568 974 3664 patris,
1000 3591 1094 3640 nam
1111 3580 1235 3657 tanto,
1262 3569 1407 3664 inquit,
1432 3572 1618 3668 majorem
1632 3578 1730 3648 milri

106 3713 167 3788 ab
187 3712 313 3786 Oiaco
325 3709 509 3782 honorem
524 3716 702 3800 expecto,
717 3701 1038 3800 quantomajores
1055 3701 1123 3772 ille
1140 3703 1309 3795 adeptus
1315 3699 1448 3791 suerit
1466 3727 1568 3798 opes.
1623 3709 1730 3782 Tune

113 3843 362 3932 Tnorteitus,
377 3841 504 3929 valde,
521 3837 658 3933 inquit,
672 3835 848 3908 isocmilri
858 3834 1099 3905 contrarium
1117 3846 1188 3922 est,
1203 3847 1246 3904 ut
1257 3835 1405 3906 Oiacus
1423 3836 1465 3904 in
1482 3835 1730 3914 hareditatio

97 3980 209 4073 jura
224 3975 454 4067 recipiatur,
480 3973 615 4041 multa
632 3968 733 4042 enim
750 3969 812 4038 illi
829 3991 920 4060 opes
936 3979 1072 4045 antem
1107 3979 1145 4034 et
1170 3980 1212 4038 tu
1238 3967 1389 4062 quidem
1408 3969 1590 4064 profecto
1609 3988 1731 4070 pater

101 4087 165 4179 ¹de
191 4105 270 4173 tuis
294 4101 406 4171 rebus
429 4103 594 4171 multum
622 4099 685 4168 illi
710 4097 940 4191 proebuisti,
974 4099 1196 4191 oeqvitatem
1212 4121 1306 4190 erga
1334 4123 1403 4169 nos
1413 4101 1572 4190 fratres
1580 4131 1731 4200 parurn
1802 4091 1815 4099 ’

107 4236 343 4331 respiciens.
401 4233 528 4305 Haud
549 4256 644 4302 sane
661 4229 794 4300 lubens
819 4227 869 4297 ab
893 4253 935 4299 eo
950 4231 1084 4299 cedam
1110 4229 1266 4314 honore,
1296 4231 1467 4326 iuquam
1486 4249 1604 4307 natus
1632 4221 1727 4311 suni.

104 4367 349 4442 Hiiskuldus
364 4365 487 4437 dixit:
518 4388 631 4459 spero
647 4365 793 4458 vosjus
809 4360 906 4430 milri
923 4385 1000 4431 non
1017 4363 1287 4455 denegaturos,
1305 4335 1450 4454 nefllio
1463 4389 1544 4437 meo
1563 4372 1625 4438 cui
1642 4397 1732 4442 ma-

108 4515 234 4574 terna
251 4500 378 4593 stirps
391 4500 450 4568 ita
468 4498 620 4587 nobilis,
646 4497 706 4568 uti
720 4495 845 4568 Olavo
863 4507 932 4583 est,
950 4495 1041 4565 XII
1053 4515 1193 4564 aureos
1204 4491 1377 4593 (arceias)
1392 4498 1537 4570 donem.
1569 4505 1732 4574 Hooilli

113 4631 352 4703 Thorleikus
367 4632 563 4702 concessit.
628 4630 722 4701 Tum
742 4627 971 4698 Hoskuldus
1004 4627 1196 4697 annulum
1228 4651 1390 4698 aureum
1412 4656 1556 4703 rnorcoe
1572 4635 1731 4724 pondus

111 4764 336 4846 habentem,
356 4787 463 4857 qvem
479 4785 546 4831 reu
554 4762 697 4832 Hacon
709 4759 772 4828 illi
780 4759 954 4847 dederat,
968 4756 1108 4854 afferri
1122 4757 1195 4828 sibi
1198 4763 1333 4856 jussit,
1350 4761 1731 4855 simuiqcegludium,

114 4921 231 4988 qvem
251 4897 315 4966 ilii
333 4897 493 4967 dederat
512 4917 589 4986 rex,
605 4893 767 4964 dimidio
782 4916 926 4962 marcae
943 4906 1192 4982 constantem,
1220 4906 1335 4985 atqve
1358 4891 1441 4960 naeo
1463 4891 1585 4960 olavo
1615 4895 1734 4964 simul
