4282 5714
1150 479 1195 568 ¹X

1049 615 1281 652 -ι--ὃ

376 753 580 869 mensas,
623 752 794 875 sapius
821 775 913 838 ore
943 741 1069 838 tradi
1104 743 1408 863 audiverant,
1438 739 1634 840 'calamo
1666 769 1891 876 exceptas
1919 753 1973 846 in

378 877 558 1034 jactam
593 895 853 993 voluminis
880 891 1089 985 'formam
1114 892 1264 986 modo
1295 891 1631 1022 redegerint*).

419 1039 423 1052 ’
577 1047 632 1134 ln
656 1045 768 1168 ipsa
800 1043 1090 1132 narrationis
1119 1037 1287 1132 indole
1318 1039 1389 1131 nil
1423 1061 1513 1149 est,
1549 1039 1681 1166 qvod
1695 1038 1840 1136 fidem
1859 1073 1974 1140 auc-

375 1190 496 1284 toris
523 1187 764 1316 infringat.
852 1189 1071 1312 Spectra
1088 1184 1280 1312 qvidern
1311 1189 1394 1280 hio
1424 1184 1714 1282 offendimus
1746 1187 1833 1282 sed
1860 1223 1972 1316 per·

372 1365 561 1464 pauca,
622 1331 882 1428 nonnullas
920 1335 1302 1451 incantationes,
1368 1333 1511 1461 plura
1548 1339 1806 1464 praesagia,
1866 1337 1973 1432 haec

369 1503 491 1581 vero
522 1484 694 1608 priscis
722 1477 924 1573 islandis
954 1509 1057 1574 non
1085 1509 1223 1574 secus
1253 1485 1311 1574 ac
1337 1478 1629 1574 monticolis
1638 1485 1812 1574 Scotiae
1845 1483 1970 1578 adeo

375 1626 523 1724 solita
556 1633 599 1722 a
631 1625 780 1724 veluti
812 1624 1042 1758 indigena
1072 1623 1288 1745 fuenmt,
1318 1651 1374 1721 ut
1404 1627 1466 1720 ad
1493 1631 1710 1723 nativum
1736 1635 1973 1724 narratio·
2138 1755 2139 1762 Ν

371 1775 454 1869 nis
495 1767 712 1870 colorem
752 1779 1117 1898 reqvirerentur.
1210 1777 1449 1897 Maiorem
1483 1761 1820 1901 suspicionem
1856 1807 1973 1902 poa-

366 1914 594 2037 sent‘ea,
642 1927 742 2044 qva
773 1917 834 2014 de
865 1929 1017 2013 matre
1041 1917 1194 2014 Olavi
1222 1923 1432 2016 Paronis
1461 1919 1711 2051 legimur,
1754 1951 1970 2035 movere3

376 2099 485 2163 eam
514 2067 720 2182 scilicet,
755 2097 898 2189 qvam
923 2064 1227 2181 Hoskuldus,
1256 2089 1398 2191 pater
1433 2065 1580 2160 Olavi
1607 2064 1842 2183 Ferocis,
1874 2097 1972 2160 ser-

304 2197 308 2205 *
365 2245 488 2310 ‘vam
525 2241 558 2300 a
578 2237 847 2334 “mangone
890 2211 944 2297 in
980 2211 1226 2334 Norvegia
1271 2199 1505 2326 emerat,
1541 2208 1692 2301 liliam
1712 2215 1969 2306 ‘exstitisse

364 2355 735 2484 'Myrkiartanis,
787 2355 913 2481 regis
942 2351 1190 2472 hlandici,
1240 2375 1381 2480 atqve
1408 2353 1554 2450 taedio
1587 2355 1828 2450 servitutis
1860 2387 1970 2482 per

215 2557 221 2566 ·
369 2505 560 2602 ‘motam
585 2501 730 2596 'vocis
766 2497 1016 2634 ‘delectum
1054 2501 1144 2627 pe'r
1169 2499 1331 2626 plures
1356 2532 1517 2598 annos
1546 2501 1818 2620 annotasse,
1882 2500 1971 2596 do·

368 2681 469 2744 nec
502 2647 646 2742 herus
675 2650 976 2774 ipsam‘cum
1003 2646 1105 2741 filio
1140 2646 1344 2765 tenello,
1412 2677 1553 2774 qvem
1573 2643 1642 2744 'ex
1672 2653 1782 2771 ipsa
1809 2677 1970 2743 susce-

368 2817 536 2964 perat,
585 2787 864 2920 loqventem
895 2775 1108 2887 offendit.
1175 2795 1291 2887 Hoec
1321 2793 1514 2918 qridem
1543 2797 1704 2920 primo
1733 2795 1968 2922 adspectu

241 2955 250 2964 “
364 2943 590 3092 speciem
639 2934 815 3076 fabulae
854 2943 1155 3036 romanensis
1190 2938 1367 3034 referre
1406 2940 1643 3037 videntur.
1743 2946 1967 3036 Attamen

366 3095 494 3210 satis
519 3097 710 3182 constat
738 3068 792 3178 in
820 3089 913 3180 ista
942 3109 1216 3215 temporum
1246 3085 1495 3206 barbarie,
1544 3109 1638 3212 qva
1668 3093 1835 3213 pirate
1865 3119 1967 3182 om-

368 3257 459 3329 nes
504 3265 618 3328 oras
633 3233 950 3350 infestarent,
1013 3234 1291 3365 regulorum
1332 3263 1522 3358 qvoqve
1560 3231 1683 3326 filias
1725 3231 1966 3328 interdum

370 3381 517 3476 fuisse
546 3401 730 3500 raptas3
760 3378 1066 3471 Hoskuldirm
1092 3409 1209 3474 vero
1226 3409 1413 3470 servam
1429 3376 1790 3501 perpulchram,
1823 3404 1965 3504 qvam

363 3525 683 3651 peregrinans
708 3520 843 3656 'lecti
889 3521 1075 3609 sociam
1105 3515 1201 3607 sibi
1238 3515 1524 3638 adsciverat,
1591 3545 1706 3647 post
1740 3521 1962 3642 reditum,

366 3693 427 3767 ut
459 3660 753 3793 zelotypiam
780 3665 945 3755 uxoris
983 3661 1341 3787 qvodammodo
1369 3663 1605 3790 placaret,
1662 3691 1846 3764 mutam
1864 3669 1964 3767 ¹co-

359 3829 477 3935 ”ram
514 3811 738 3908 omnibus
767 3839 857 3936 per
889 3807 1073 3934 aliqvot
1105 3837 1261 3904 annos
1293 3814 1567 3950 venditasse
1599 3816 1715 3907 satis
1749 3839 1821 3910 est
1846 3847 1962 3944 pro·
2074 3885 2079 3894 .

364 3958 547 4058 babile.
614 3960 708 4052 Iter'
739 3954 883 4052 Ol'avi
910 3951 1219 4052 Pavoni's'ad
1245 3955 1625 4084 Myrkiartan'em'
1654 3951 1960 4083 avunculum,

365 4102 589 4204 lrlantliae
593 4101 856 4273 regulum,
892 4101 962 4194 nil
996 4105 1232 4220 continet,
1275 4103 1405 4232 qvod
1434 4103 1579 4201 fidem
1608 4099 1830 4222 excedit3
1845 4139 1962 4237 pro·

282 4354 288 4382 -.
348 4315 358 4332 ·-
361 4262 586 4384 sap1am
605 4283 797 4348 verce
771 4255 873 4376 ejus
920 4251 980 4343 ab
1026 4245 1285 4378 aeqvalibds
1323 4256 1506 4379 regiam
1533 4253 1702 4348 luisse
1724 4255 1959 4350 creditam

378 4392 662 4517 ostendunt,
723 4431 835 4493 cnm
874 4390 1080 4493 donatio
1104 4401 1273 4493 mortis
1296 4405 1450 4492 cattia
1478 4421 1672 4523 epatre
1700 4405 1798 4528 ipsi
1827 4402 1968 4532 facta³

373 4630 642 4656 Μ

452 4769 483 4862 *)
505 4769 576 4839 Cir.
598 4767 636 4836 P.
659 4767 700 4836 Ε.
722 4732 843 4836 lsttler
872 4769 957 4835 iiber·
981 4769 1046 4836 den
1069 4765 1246 4862 Ursprung
1271 4764 1341 4838 und
1359 4762 1486 4840 versat!
1511 4769 1572 4838 der
1600 4760 1821 4842 ialindirchen
1838 4765 1956 4842 Histo-

501 4873 711 4992 riogrsphie3
732 4869 888 4969 Kopenh.
913 4884 994 4944 1013
1013 4896 1049 4966 p.
1072 4885 1125 4943 81.
