4282 5714
917 551 1025 638 XVII

482 753 488 764 1
856 681 1088 720 h-t--ut

178 813 391 910 'editores
439 805 503 901 ad
545 793 743 904 ductum
787 807 932 932 hujus
980 806 1166 906 codicis
1206 827 1387 908 textum
1423 847 1768 949 expresserunt,

175 988 270 1054 nec
309 987 415 1050 non
439 955 595 1076 Niali,
664 957 799 1078 cujus
839 959 894 1050 in
926 955 1141 1088 linguam
1167 955 1366 1053 latinam
1394 963 1668 1066 translated
1697 979 1771 1070 in·

176 1127 251 1201 ter
296 1102 419 1196 alios
469 1101 665 1198 codices
712 1102 777 1196 ad
819 1135 990 1198 manus
1027 1101 1133 1196 fuit.
1231 1108 1486 1232 Scripturas
1522 1108 1772 1240 specimen

174 1254 260 1344 ιιι
287 1253 495 1344 incisum
529 1250 725 1344 exhibet
750 1252 874 1346 Vitae
905 1248 1048 1382 Egilli
1081 1245 1231 1343 editio
1262 1250 1565 1352 Hafniensis.¹
1621 1265 1771 1360 Crete-

170 1399 352 1524 roqvin
393 1394 454 1489 de
490 1395 640 1519 hujus
689 1393 875 1490 codicis
920 1415 1080 1512 aetate,
1138 1418 1306 1491 nostro
1354 1377 1539 1522 judicio
1578 1405 1693 1498 ad'
1680 1401 1772 1502 rni-

171 1545 295 1634 tium
325 1541 487 1638 seculi
515 1545 652 1637 XIV¹¹
689 1539 965 1685 referenda,
998 1539 1365 1673 orthographia,
1397 1547 1635 1680 elegantia
1665 1551 1772 1651 lite·-

168 1712 335 1782 rerum
378 1694 423 1784 δι
468 1692 649 1816 pretio,
719 1692 785 1780 in
832 1690 1111 1784 universum
1157 1687 1493 1812 consulantur,
1568 1729 1669 1824 qvae
1717 1703 1772 1793 i'n

167 1813 531 1962 prolegomenis
567 1831 631 1926 ad
659 1833 812 1929 dictas
840 1834 1068 1929 historias
1103 1841 1480 1932 commemorata
1508 1865 1634 1936 sunt
1679 1837 1771 1938 Hi·-
1881 1911 1892 1932 .

170 1984 371 2073 storiam
397 1977 774 2074 Laxdalensium
812 1986 899 2072 in
895 1979 1004 2073 hoc
1033 1978 1205 2074 codice
1237 1979 1357 2074 folia
1386 2007 1465 2099 43,
1531 1971 1710 2081 lectu
1694 2015 1770 2082 m-

169 2123 362 2220 terdum
400 2147 476 2216 sat
516 2121 756 2238 difficilia,
824 2121 1227 2246 complectentem
1257 2114 1510 2262 exscripsit
1540 2131 1767 2230 Ludima

169 2274 316 2398 gister
332 2243 621 2361 sHa‘fniensis
656 2267 859 2372 Wium,
889 2282 1034 2396 gente
1045 2265 1303 2382 lelandus,
1298 2276 1606 2396 exscriptum
1624 2283 1764 2419 vcro,

168 2438 427 2540 antequam
453 2409 592 2540 prelo
624 2413 975 2529 comitteretur,
1007 2440 1119 2506 cum
1146 2415 1254 2538 ipsa
1278 2404 1562 2510 membrana
1595 2442 1767 2522 contus

166 2559 226 2654 lit
258 2564 333 2654 vir
359 2558 648 2654 reverendus
679 2539 1006 2683 Gannlangns
1041 2561 1099 2651 0.
1116 2557 1350 2665 ⁹,Oddsen
1370 2563 1605 2659 Assessor
1623 2566 1766 2672 JGom
1934 2601 1937 2608 ¹

167 2702 639 2800 sistorialis&AEdis
665 2698 953 2796 cathedralis
972 2705 1343 2832 Reykavicensis
1373 2709 1615 2829 sacerdos,
1646 2713 1765 2810 huc·

166 2882 322 2978 usqne
352 2849 704 2976 stipendiarius
733 2851 1211 2980 Ama-Magnaeanus.
1241 2907 1297 2926 -
1324 2851 1525 2948 Plenam
1555 2863 1598 2954 a
1625 2849 1764 2955 locu'·

167 3001 347 3125 pletem
372 2993 597 3089 lectionis
625 2998 928 3111 varietatem,
976 2994 1165 3121 qval'em
1197 3001 1370 3127 sistunt
1400 2997 1503 3092 aliae
1532 3003 1759 3124 historiae,
1887 3019 1891 3028 '

168 3175 198 3237 a
239 3143 383 3237 nobis
431 3137 590 3258 editae,
655 3138 818 3265 quales
854 3161 967 3233 sunt
990 3138 1143 3246 .Niala
1181 3145 1225 3234 δι
1259 3140 1414 3270 Eigla,
1463 3147 1762 3278 subjungere

165 3285 301 3388 haud
330 3321 357 3380 e
392 3319 444 3380 re
471 3289 629 3380 visum
656 3307 751 3398 est,
792 3279 1026 3413 gravioris
1054 3315 1170 3378 vero
1199 3292 1434 3378 momenti
1464 3287 1762 3387 diversitates
1871 3299 1875 3306 ’

165 3428 540 3561 'suppeditarunt
576 3423 815 3519 nonnulla
841 3428 1177 3550 Manuscripta
1202 3429 1656 3558 Ama-Magnaeana
1686 3469 1757 3532 em

165 3611 231 3712 gr.
262 3573 561 3705 Apographa
594 3571 851 3666 chartacea
881 3564 1083 3663 infolio
1118 3573 1184 3667 ΝΟ.
1218 3595 1299 3677 125
1333 3576 1377 3667 δι
1405 3593 1511 3691 127,
1560 3579 1626 3675 Ns
1660 3603 1758 3701 123,

164 3732 218 3818 in
246 3726 405 3852 capite
430 3743 525 3825 78¹⁰
556 3717 698 3842 hujus
734 3714 963 3813 editionis
999 3712 1245 3836 desinens,
1304 3747 1529 3815 necnon
1560 3711 1624 3821 Νι
1659 3748 1755 3842 124,

163 3877 298 3996 juxta
322 3875 503 3961 Arnam
520 3869 794 3995 Magnarum
822 3895 883 3962 ex
904 3861 1173 3994 fragmento
1196 3865 1590 3986 membranaceo,
1632 3901 1758 3964 none

164 4015 299 4112 nulla
328 4011 502 4110 Gretlae
536 4018 582 4106 δι
608 4010 886 4142 Eyrbyggisa
922 4012 1221 4126 continente,
1266 4027 1411 4106 nunc
1438 4045 1555 4110 vero
1588 4016 1758 4144 deper-

165 4163 290 4280 dito,
321 4155 507 4296 tradux
562 4161 736 4252 Rarius
770 4153 1086 4251 consultum
1072 4159 1245 4254 ruimus
1269 4156 1591 4289 fragmentum
1603 4157 1756 4254 histo·

161 4317 243 4405 riae
276 4329 472 4421 nostrae,
539 4302 670 4431 qvod
701 4305 912 4402 occurrit
938 4307 992 4394 in
1018 4304 1301 4400 membrana
1314 4307 1391 4406 Nc
1428 4328 1543 4422 128,
1589 4306 1753 4402 medio
1885 4423 1900 4436 .

163 4461 266 4551 Sec.
295 4455 498 4547 XVII²¹¹⁰⁰
526 4457 729 4578 scripta,
768 4449 884 4566 (vid.
917 4449 1040 4575 Eigl
1038 4483 1071 4540 a
1097 4448 1307 4578 Praefip.
1338 4453 1461 4547 XIV
1499 4455 1756 4551 Vatnsdca·

164 4603 343 4729 lasaga
374 4597 586 4720 Praei-p.
618 4599 767 4712 XVI.)
799 4595 907 4714 sed,
972 4597 1347 4724 Ama-Magnam
1377 4597 1572 4721 judice,
1631 4603 1753 4709 anti-

163 4751 342 4875 qvioris
374 4741 557 4839 codicis
584 4747 830 4872 progenie.
888 4739 1136 4836 Nonnulla
1164 4774 1279 4842 vero
1313 4741 1754 4872 apographachar-

163 4916 301 4987 tacea
333 4881 436 4986 sub.
467 4893 531 4984 Ne
567 4912 648 4991 158
682 4885 882 4984 infolio
916 4885 1051 4984 &Nt
1084 4909 1189 5003 441,
1247 4891 1299 4978 in
1340 4907 1506 5011 quarto
1549 4889 1750 4982 omnino
1815 4889 1818 4894 ’

1491 5028 1548 5106 (3)
