4262 5722
836 483 1039 600 Q

645 753 649 768 ‘
757 737 888 825 CAP.
927 735 1123 822 XXVII.

215 965 221 978 ,
330 865 763 976 Memoricetradilum
779 911 855 976 est:
879 899 1051 972 Olavu'm
1064 895 1200 991 aliqva
1217 884 1291 986 die)
1310 917 1395 980 ozan
1412 888 1749 974 bominesaclRu·
1827 957 1828 967 ,

126 1055 220 1128 pem
255 1028 502 1106 Judiciorum
541 1033 769 1130 congregati
804 1045 959 1144 essent,
1010 1029 1243 1120 surrexisse,
1285 1033 1563 1128 postulatoqve
1592 1034 1753 1106 silentia
1811 1111 1814 1118 ,

127 1163 627 1259 primampatrismortem
640 1189 880 1254 memorasse.
932 1163 1040 1236 Mult
1027 1162 1156 1251 tinio,
1181 1163 1323 1284 ingvit,
1350 1165 1752 1236 adsuntilliusomici
1836 1191 1843 1204 ·

130 1307 247 1390 atqve
260 1298 437 1390 cognati,
459 1277 545 1388 jain
556 1298 736 1388 fratrum
754 1321 923 1370 meorum
939 1295 1023 1366 tzaec
1040 1319 1086 1363 vo
1090 1296 1224 1365 antas
1239 1310 1318 1387 est
1345 1310 1388 1367 ut
1402 1299 1457 1366 acl
1468 1310 1642 1390 paterna
1664 1321 1749 1392 pa-

131 1428 332 1498 rentalia
317 1430 476 1502 invitem
487 1455 614 1502 omnes
625 1430 743 1516 viros,
754 1455 816 1524 qvi
809 1426 972 1522 pontis
972 1425 1123 1496 cotibus
1124 1441 1326 1522 praesunt
1335 1453 1374 1502 re
1377 1453 1421 1500 or
1435 1429 1535 1498 enim
1542 1429 1750 1522 plerosqve

130 1559 363 1655 insigniores
386 1561 493 1633 viros
519 1563 583 1633 illi
603 1561 855 1655 aliqvantum
873 1527 1097 1654 conjunctos
1105 1559 1243 1652 fuisse.
1298 1562 1506 1656 Sciantqve
1521 1560 1593 1630 lioc
1609 1565 1750 1648 omnes,

104 1692 282 1762 nullum
309 1693 473 1789 majoris
498 1695 800 1764 existimationis
829 1693 975 1780 virum,
1001 1694 1083 1762 sine
1096 1713 1254 1763 munere
1267 1695 1468 1764 dimissum
1473 1693 1579 1783 fore.
1633 1693 1751 1761 Proe-

128 1836 236 1894 terea
252 1824 371 1896 etiarn
388 1826 544 1896 colonos
560 1821 597 1896 8<
613 1825 815 1921 qvemlibet
827 1803 968 1908 alium,
984 1823 1048 1916 qvi
1064 1824 1335 1894 invitationem
1350 1836 1527 1929 nostram
1544 1834 1751 1916 acceptare
1857 1849 1864 1886 ·.

128 1956 229 2037 vult,
239 1955 397 2026 divitem
402 1959 618 2050 pariternc
635 1957 801 2049 inopem,
821 1953 1046 2040 invitamus,
1065 1955 1175 2022 utncl
1190 1952 1482 2048 qvatuordecim
1491 1955 1747 2026 dierumcon-

127 2085 278 2157 viviane
301 2085 621 2156 Hiisiulclstados
645 2057 798 2166 veniat,
831 2085 875 2151 X
895 2095 988 2150 onte
1014 2083 1163 2171 hyemis
1185 2083 1325 2152 iniiam
1348 2085 1589 2176 septimanis.
1655 2087 1748 2156 Cum

131 2213 284 2289 Olavus
298 2193 509 2289 sermonem
511 2215 732 2308 finivisset,
767 2208 896 2284 omnes
914 2213 988 2282 lvoc
1000 2209 1168 2284 laudare
1183 2210 1220 2284 8<
1234 2237 1460 2309 generosam
1478 2215 1581 2286 hanc
1594 2215 1748 2288 invita-2

127 2351 273 2422 tionem
286 2347 495 2420 admirari.
522 2346 752 2424 ¹Olavus'atl
770 2342 1066 2422 tabernaculum
1082 2346 1234 2416 rediens
1245 2344 1452 2436 fratribus
1467 2371 1558 2435 rem,
1584 2349 1747 2420 utiocta

126 2493 230 2571 erut,
246 2479 462 2552 enarravit.
489 2479 563 2550 Illi
581 2501 670 2600 vero
685 2477 797 2548 leand
815 2499 910 2546 sane
929 2475 1019 2546 incle
1038 2476 1133 2564 laeti,
1150 2477 1314 2548 nimiam
1330 2478 1371 2548 in
1390 2478 1462 2548 lroc
1469 2503 1660 2586 pompam
1668 2483 1748 2550 acl-

126 2609 257 2684 ltiberi
272 2610 470 2682 rebantur.
495 2611 643 2681 Finitis
658 2607 992 2716 comitiisfratres
1007 2611 1160 2678 domum
1178 2609 1335 2680 rediere.
1360 2609 1530 2680 Labitur
1529 2613 1619 2706 jam
1628 2626 1747 2683 oestas

121 2746 279 2838 fratres
288 2767 455 2814 conviva
451 2741 607 2811 intenti
612 2739 946 2843 praeparationi
915 2789 926 2830 ‚
956 2741 1105 2812 Olavus
1122 2765 1217 2810 sane
1231 2739 1407 2832 munifice
1424 2745 1581 2814 tertiam
1597 2758 1747 2815 sumtus

120 2887 284 2973 partem
286 2872 472 2969 praebuit
526 2871 751 2945 Convivium
767 2873 839 2944 hoc
846 2923 859 2959 ,
886 2873 1551 2968 optimoapparatuinstauratum,
1579 2872 1707 2946 &mul
1690 2877 1746 2946 lto

116 3007 281 3107 quidem
300 3015 449 3088 sumtu,
473 3029 619 3098 magna
633 3007 735 3074 enim
748 3005 977 3074 mortalium
994 2999 1216 3074 multitudo
1225 3005 1536 3098 expectabatur.
1571 3007 1747 3079 Convivii

127 3152 305 3232 tempore
341 3135 709 3228 appropinqvante,
753 3135 960 3229 plerosqve
991 3135 1097 3206 viros
1120 3134 1286 3223 nobiles,
1325 3138 1390 3230 qvi
1425 3139 1556 3210 venire
1590 3138 1746 3232 p'ro'mi-
1761 3219 1764 3224 ¹

126 3280 280 3355 serant,
304 3267 508 3339 advenisse
525 3267 719 3338 memorioe
738 3267 930 3338 traditum
946 3277 1014 3340 est.
1072 3265 1202 3334 Tanta
1221 3277 1311 3344 erat
1323 3270 1550 3337 mortalium
1562 3270 1747 3338 multitu-

127 3403 200 3484 do,
235 3400 295 3468 ita
321 3396 463 3465 saltem
486 3365 876 3496 plurimireferunt,
901 3405 946 3464 at
963 3414 1145 3464 numerus
1164 3393 1332 3464 DCCCC
1342 3396 1497 3468 omnino
1513 3399 1745 3492 expleretur.

125 3531 243 3604 Illud
259 3527 478 3624 convivium
494 3527 535 3595 in
549 3523 734 3618 lelandia
748 3525 1003 3599 convivorum
1027 3546 1185 3592 numero
1211 3524 1381 3597 maximo
1410 3528 1632 3618 proximum
1644 3528 1745 3620 suit,

126 3661 343 3737 maximnm
359 3653 491 3730 antem
499 3657 589 3750 fuit
606 3657 840 3751 parentale,
871 3656 973 3752 qvocl
987 3653 1028 3723 in
1040 3656 1177 3750 patris
1193 3655 1419 3726 memoriam
1435 3657 1572 3753 Hjalti
1581 3657 1664 3750 filii
1680 3657 1746 3728 in·

127 3763 389 3878 staurabant,
404 3798 408 3806 ’
423 3759 477 3860 ili
492 3791 594 3862 enirn
612 3787 730 3858 MCC.
789 3777 879 3858 Hoc
904 3787 1124 3858 convivium
1139 3788 1312 3857 maxima
1330 3810 1415 3858 cum
1429 3811 1579 3882 pompa
1587 3789 1748 3880 factum

129 3939 209 4016 est,
234 3947 470 4018 magnusqve
491 3923 579 3992 incle
597 3921 718 3990 Itanos
723 3918 948 4011 fratribus,
985 3921 1213 4014 plerumqve
1234 3931 1364 3988 tamen
1395 3917 1543 3993 Olavus
1561 3921 1748 4016 princeps
1832 3971 1838 3984 .

130 4053 363 4129 habebatur.
440 4053 491 4121 In
519 4049 742 4120 maneribus
774 4019 919 4120 dandis
961 4051 1110 4120 Olavus
1150 4049 1284 4120 ambos
1320 4054 1491 4144 oeqvavit
1520 4052 1680 4144 fratres
1710 4048 1749 4125 8<

132 4209 266 4261 amnes
285 4183 435 4280 qvidem
451 4181 528 4252 viri
544 4181 776 4274 insigniores
792 4187 954 4250 munera
971 4179 1148 4253 retulere.
1212 4179 1419 4272 Caurum,
1452 4185 1606 4278 qvando
1616 4185 1750 4278 pleri-

131 4343 206 4419 qve
232 4315 486 4386 convivarum
510 4311 711 4400 abierant,
752 4313 900 4383 Olavus
932 4311 1367 4422 leorleikumsratrem
1384 4315 1442 4386 ito
1460 4313 1657 4388 allocutus
1674 4330 1751 4390 est.-

132 4453 203 4524 Ita
219 4469 335 4520 seres
352 4444 488 4530 habet,
503 4444 665 4536 frater!
690 4443 750 4513 uti
766 4441 838 4513 tibi
855 4465 998 4537 qvoqve
1017 4453 1151 4559 notum
1168 4457 1248 4534 est,
1267 4469 1404 4540 pauca
1419 4472 1490 4520 nos
1507 4451 1669 4522 invicem
1681 4473 1751 4522 ea..

132 4579 331 4656 hibuimus
350 4579 538 4648 amicitiae
554 4578 804 4664 documenta,
820 4577 911 4671 jam
925 4599 994 4669 ego
1009 4573 1082 4674 Ιιρο
1095 4577 1278 4668 postulo,
1303 4567 1349 4650 ut
1364 4583 1490 4676 magis
1500 4581 1663 4674 firmam
1686 4581 1752 4648 in.

134 4727 197 4783 ter
221 4735 291 4780 nos
307 4711 516 4781 recidamus
529 4707 746 4776 amicitiam
761 4706 1126 4802 consangvinitatis.
1185 4709 1370 4806 Eqviclem
1384 4713 1463 4781 scio
1483 4723 1519 4780 te
1538 4709 1752 4803 indignari,

132 4843 238 4940 qvod
250 4841 431 4937 pretiosa
440 4813 604 4912 munera
623 4863 649 4910 a
662 4851 782 4934 patre
797 4839 1037 4934 acceperim5
1058 4863 1105 4911 ea
1121 4839 1202 4932 elie,
1228 4867 1309 4938 qva·
1321 4843 1388 4911 ille
1403 4853 1636 4928 moreretur,
1662 4841 1753 4939 jam

1399 5035 1402 5040 .
1452 4971 1516 5048 ,0
1531 4993 1572 5044 ι.
