<?xml version="1.0" encoding="UTF-8"?>
<!DOCTYPE html PUBLIC "-//W3C//DTD XHTML 1.0 Transitional//EN"
    "http://www.w3.org/TR/xhtml1/DTD/xhtml1-transitional.dtd">
<html xmlns="http://www.w3.org/1999/xhtml" xml:lang="en" lang="en">
 <head>
  <title>
</title>
<meta http-equiv="Content-Type" content="text/html;charset=utf-8" />
  <meta name='ocr-system' content='tesseract 3.04.00' />
  <meta name='ocr-capabilities' content='ocr_page ocr_carea ocr_par ocr_line ocrx_word'/>
</head>
<body>
  <div class='ocr_page' id='page_1' title='image "./laxdlasagasiveh01stifgoog_0106.png"; bbox 0 0 4262 5722; ppageno 0'>
   <div class='ocr_carea' id='block_1_1' title="bbox 910 523 972 612">
    <p class='ocr_par' dir='ltr' id='par_1_1' title="bbox 910 523 972 612">
     <span class='ocr_line' id='line_1_1' title="bbox 910 523 972 612; baseline 0.129 -8"><span class='ocrx_word' id='word_1_1' title='bbox 910 523 972 612; x_wconf 77' lang='lat'><em>75</em></span> 
     </span>
    </p>
   </div>
   <div class='ocr_carea' id='block_1_2' title="bbox 132 765 1778 1278">
    <p class='ocr_par' dir='ltr' id='par_1_2' title="bbox 132 765 1778 1278">
     <span class='ocr_line' id='line_1_2' title="bbox 134 765 1750 872; baseline 0.001 -29"><span class='ocrx_word' id='word_1_2' title='bbox 134 785 321 870; x_wconf 89' lang='lat' dir='ltr'><em>coeptum.</em></span> <span class='ocrx_word' id='word_1_3' title='bbox 379 773 649 860; x_wconf 69' lang='lat' dir='ltr'><em>IuncOlavus</em></span> <span class='ocrx_word' id='word_1_4' title='bbox 671 774 920 870; x_wconf 84' lang='lat' dir='ltr'><em>propositum</em></span> <span class='ocrx_word' id='word_1_5' title='bbox 943 775 1115 844; x_wconf 86' lang='lat' dir='ltr'><em>elocutus</em></span> <span class='ocrx_word' id='word_1_6' title='bbox 1132 776 1317 872; x_wconf 79' lang='lat' dir='ltr'><em>simulque</em></span> <span class='ocrx_word' id='word_1_7' title='bbox 1334 765 1511 864; x_wconf 78' lang='lat' dir='ltr'><em>docebat,</em></span> <span class='ocrx_word' id='word_1_8' title='bbox 1535 775 1671 871; x_wconf 83' lang='lat' dir='ltr'><em>qvanti</em></span> <span class='ocrx_word' id='word_1_9' title='bbox 1689 799 1750 846; x_wconf 85' lang='lat' dir='ltr'><em>res</em></span> 
     </span>
     <span class='ocr_line' id='line_1_3' title="bbox 132 889 1750 1005; baseline -0.004 -21"><span class='ocrx_word' id='word_1_10' title='bbox 132 906 318 998; x_wconf 49' lang='lat' dir='ltr'><em>edentem</em></span> <span class='ocrx_word' id='word_1_11' title='bbox 359 933 523 1004; x_wconf 81' lang='lat' dir='ltr'><em>namqve</em></span> <span class='ocrx_word' id='word_1_12' title='bbox 548 934 673 1004; x_wconf 85' lang='lat' dir='ltr'><em>regem</em></span> <span class='ocrx_word' id='word_1_13' title='bbox 699 889 1024 1005; x_wconf 71' lang='lat' dir='ltr'><em>Myrlcjdrlanum</em></span> <span class='ocrx_word' id='word_1_14' title='bbox 1046 921 1264 978; x_wconf 87' lang='lat' dir='ltr'><em>maternum</em></span> <span class='ocrx_word' id='word_1_15' title='bbox 1287 909 1363 978; x_wconf 87' lang='lat' dir='ltr'><em>sibi</em></span> <span class='ocrx_word' id='word_1_16' title='bbox 1387 933 1507 981; x_wconf 80' lang='lat' dir='ltr'><em>avum</em></span> <span class='ocrx_word' id='word_1_17' title='bbox 1528 933 1619 978; x_wconf 89' lang='lat' dir='ltr'><em>esse.</em></span> <span class='ocrx_word' id='word_1_18' title='bbox 1681 909 1750 977; x_wconf 88' lang='lat' dir='ltr'><em>Cui</em></span> 
     </span>
     <span class='ocr_line' id='line_1_4' title="bbox 134 1017 1778 1149; baseline 0.001 -43"><span class='ocrx_word' id='word_1_19' title='bbox 134 1039 383 1109; x_wconf 82' lang='lat' dir='ltr'><em>Guanlzilda:</em></span> <span class='ocrx_word' id='word_1_20' title='bbox 397 1041 492 1136; x_wconf 74' lang='lat' dir='ltr'><em>Ego,</em></span> <span class='ocrx_word' id='word_1_21' title='bbox 502 1043 637 1138; x_wconf 84' lang='lat' dir='ltr'><em>inqvit,</em></span> <span class='ocrx_word' id='word_1_22' title='bbox 648 1030 827 1111; x_wconf 53' lang='lat' dir='ltr'><em>te&#39;adltoc</em></span> <span class='ocrx_word' id='word_1_23' title='bbox 837 1041 911 1134; x_wconf 72' lang='lat' dir='ltr'><em>itep</em></span> <span class='ocrx_word' id='word_1_24' title='bbox 921 1041 1129 1132; x_wconf 83' lang='lat' dir='ltr'><em>adjuvabo,</em></span> <span class='ocrx_word' id='word_1_25' title='bbox 1140 1043 1198 1110; x_wconf 88' lang='lat' dir='ltr'><em>uti</em></span> <span class='ocrx_word' id='word_1_26' title='bbox 1210 1053 1325 1149; x_wconf 75' lang='lat' dir='ltr'><em>tantu</em></span> <span class='ocrx_word' id='word_1_27' title='bbox 1337 1067 1420 1112; x_wconf 86' lang='lat' dir='ltr'><em>cum</em></span> <span class='ocrx_word' id='word_1_28' title='bbox 1423 1067 1588 1136; x_wconf 79' lang='lat' dir='ltr'><em>pompa,</em></span> <span class='ocrx_word' id='word_1_29' title='bbox 1600 1053 1749 1136; x_wconf 79' lang='lat' dir='ltr'><em>qvanta</em></span> <span class='ocrx_word' id='word_1_30' title='bbox 1772 1017 1778 1034; x_wconf 57' lang='grc'><strong><em>’</em></strong></span> 
     </span>
     <span class='ocr_line' id='line_1_5' title="bbox 133 1167 1751 1278; baseline 0.003 -43"><span class='ocrx_word' id='word_1_31' title='bbox 133 1167 206 1237; x_wconf 89' lang='lat' dir='ltr'><em>tibi</em></span> <span class='ocrx_word' id='word_1_32' title='bbox 229 1170 308 1262; x_wconf 87' lang='lat' dir='ltr'><em>ipsi</em></span> <span class='ocrx_word' id='word_1_33' title='bbox 334 1173 438 1242; x_wconf 89' lang='lat' dir='ltr'><em>lubet</em></span> <span class='ocrx_word' id='word_1_34' title='bbox 460 1174 532 1244; x_wconf 86' lang='lat' dir='ltr'><em>boc</em></span> <span class='ocrx_word' id='word_1_35' title='bbox 557 1176 631 1246; x_wconf 93' lang='lat' dir='ltr'><em>iter</em></span> <span class='ocrx_word' id='word_1_36' title='bbox 639 1176 913 1278; x_wconf 21' lang='lat' dir='ltr'><em>facerelqveas.</em></span> <span class='ocrx_word' id='word_1_37' title='bbox 970 1173 1026 1244; x_wconf 86' lang='lat' dir='ltr'><em>Ob</em></span> <span class='ocrx_word' id='word_1_38' title='bbox 1044 1174 1128 1244; x_wconf 81' lang='lat' dir='ltr'><em>lues</em></span> <span class='ocrx_word' id='word_1_39' title='bbox 1138 1175 1497 1268; x_wconf 82' lang='lat' dir='ltr'><em>promissaOlavus</em></span> <span class='ocrx_word' id='word_1_40' title='bbox 1516 1175 1579 1242; x_wconf 91' lang='lat' dir='ltr'><em>illi</em></span> <span class='ocrx_word' id='word_1_41' title='bbox 1590 1173 1751 1266; x_wconf 75' lang='lat' dir='ltr'><em>gratias</em></span> 
     </span>
    </p>
   </div>
   <div class='ocr_carea' id='block_1_3' title="bbox 128 1285 1751 1402">
    <p class='ocr_par' dir='ltr' id='par_1_3' title="bbox 128 1285 1751 1402">
     <span class='ocr_line' id='line_1_6' title="bbox 128 1285 1751 1402; baseline 0.004 -36"><span class='ocrx_word' id='word_1_42' title='bbox 128 1301 390 1394; x_wconf 77' lang='lat' dir='ltr'><em>persolvebat.</em></span> <span class='ocrx_word' id='word_1_43' title='bbox 454 1285 560 1376; x_wconf 84' lang='lat' dir='ltr'><em>Dein</em></span> <span class='ocrx_word' id='word_1_44' title='bbox 593 1306 824 1391; x_wconf 79' lang='lat' dir='ltr'><em>Gunnliilda</em></span> <span class='ocrx_word' id='word_1_45' title='bbox 852 1306 984 1376; x_wconf 82' lang='lat' dir='ltr'><em>navim</em></span> <span class='ocrx_word' id='word_1_46' title='bbox 1003 1308 1153 1400; x_wconf 90' lang='lat' dir='ltr'><em>parari</em></span> <span class='ocrx_word' id='word_1_47' title='bbox 1174 1311 1288 1402; x_wconf 79' lang='lat' dir='ltr'><em>atqve</em></span> <span class='ocrx_word' id='word_1_48' title='bbox 1312 1308 1368 1374; x_wconf 86' lang='lat' dir='ltr'><em>ad</em></span> <span class='ocrx_word' id='word_1_49' title='bbox 1390 1308 1550 1376; x_wconf 91' lang='lat' dir='ltr'><em>eandem</em></span> <span class='ocrx_word' id='word_1_50' title='bbox 1577 1307 1751 1376; x_wconf 84' lang='lat' dir='ltr'><em>ltonzines</em></span> 
     </span>
    </p>
   </div>
   <div class='ocr_carea' id='block_1_4' title="bbox 12 1424 1868 4975">
    <p class='ocr_par' dir='ltr' id='par_1_4' title="bbox 12 1424 1868 4975">
     <span class='ocr_line' id='line_1_7' title="bbox 111 1424 1753 1540; baseline 0.005 -43"><span class='ocrx_word' id='word_1_51' title='bbox 111 1431 268 1540; x_wconf 31' lang='lat' dir='ltr'><em>&#39;colligi</em></span> <span class='ocrx_word' id='word_1_52' title='bbox 271 1433 437 1523; x_wconf 89' lang='lat' dir='ltr'><em>jubebat</em></span> <span class='ocrx_word' id='word_1_53' title='bbox 443 1487 456 1522; x_wconf 94' lang='lat'><em>,</em></span> <span class='ocrx_word' id='word_1_54' title='bbox 471 1439 560 1507; x_wconf 84' lang='lat' dir='ltr'><em>&#39;Oln</em></span> <span class='ocrx_word' id='word_1_55' title='bbox 568 1463 734 1532; x_wconf 75' lang='lat' dir='ltr'><em>eumque,</em></span> <span class='ocrx_word' id='word_1_56' title='bbox 753 1424 938 1532; x_wconf 76' lang='lat' dir='ltr'><em>qvantuni</em></span> <span class='ocrx_word' id='word_1_57' title='bbox 955 1438 1127 1508; x_wconf 79' lang='lat' dir='ltr'><em>virorum</em></span> <span class='ocrx_word' id='word_1_58' title='bbox 1146 1463 1347 1508; x_wconf 90' lang='lat' dir='ltr'><em>numerum</em></span> <span class='ocrx_word' id='word_1_59' title='bbox 1363 1462 1508 1509; x_wconf 81' lang='lat' dir='ltr'><em>versus·</em></span> <span class='ocrx_word' id='word_1_60' title='bbox 1521 1441 1753 1508; x_wconf 89' lang='lat' dir='ltr'><em>occidentem</em></span> 
     </span>
     <span class='ocr_line' id='line_1_8' title="bbox 132 1567 1853 1668; baseline 0.006 -39"><span class='ocrx_word' id='word_1_61' title='bbox 132 1585 265 1668; x_wconf 8' lang='lat' dir='ltr'><em>secum,</em></span> <span class='ocrx_word' id='word_1_62' title='bbox 275 1567 412 1637; x_wconf 89' lang='lat' dir='ltr'><em>ducere</em></span> <span class='ocrx_word' id='word_1_63' title='bbox 426 1571 554 1662; x_wconf 80' lang='lat' dir='ltr'><em>vellet,</em></span> <span class='ocrx_word' id='word_1_64' title='bbox 562 1569 820 1664; x_wconf 75' lang='lat' dir='ltr'><em>praescribere</em></span> <span class='ocrx_word' id='word_1_65' title='bbox 835 1570 1001 1662; x_wconf 78' lang='lat' dir='ltr'><em>rogavit.</em></span> <span class='ocrx_word' id='word_1_66' title='bbox 1058 1573 1206 1643; x_wconf 83' lang='lat' dir='ltr'><em>Olavns</em></span> <span class='ocrx_word' id='word_1_67' title='bbox 1220 1573 1302 1642; x_wconf 89' lang='lat' dir='ltr'><em>LX</em></span> <span class='ocrx_word' id='word_1_68' title='bbox 1315 1569 1419 1641; x_wconf 83' lang='lat' dir='ltr'><em>uiros</em></span> <span class='ocrx_word' id='word_1_69' title='bbox 1429 1569 1669 1664; x_wconf 78' lang='lat' dir='ltr'><em>exposcebat,</em></span> <span class='ocrx_word' id='word_1_70' title='bbox 1687 1569 1753 1639; x_wconf 89' lang='lat' dir='ltr'><em>sed</em></span> <span class='ocrx_word' id='word_1_71' title='bbox 1845 1637 1853 1650; x_wconf 83' lang='grc'>,</span> 
     </span>
     <span class='ocr_line' id='line_1_9' title="bbox 131 1686 1753 1806; baseline 0.004 -43"><span class='ocrx_word' id='word_1_72' title='bbox 131 1705 263 1766; x_wconf 88' lang='lat' dir='ltr'><em>tamea</em></span> <span class='ocrx_word' id='word_1_73' title='bbox 280 1701 415 1806; x_wconf 82' lang='lat' dir='ltr'><em>magni</em></span> <span class='ocrx_word' id='word_1_74' title='bbox 430 1699 615 1771; x_wconf 80' lang='lat' dir='ltr'><em>interesse</em></span> <span class='ocrx_word' id='word_1_75' title='bbox 632 1702 812 1788; x_wconf 83' lang='lat' dir='ltr'><em>asseruit,</em></span> <span class='ocrx_word' id='word_1_76' title='bbox 839 1714 883 1770; x_wconf 92' lang='lat' dir='ltr'><em>ut</em></span> <span class='ocrx_word' id='word_1_77' title='bbox 900 1703 978 1771; x_wconf 88' lang='lat' dir='ltr'><em>ista</em></span> <span class='ocrx_word' id='word_1_78' title='bbox 999 1705 1136 1800; x_wconf 87' lang='lat' dir='ltr'><em>colzors</em></span> <span class='ocrx_word' id='word_1_79' title='bbox 1151 1705 1297 1773; x_wconf 79' lang='lat' dir='ltr'><em>milites</em></span> <span class='ocrx_word' id='word_1_80' title='bbox 1310 1686 1449 1798; x_wconf 82' lang='lat' dir='ltr'><em>magis,</em></span> <span class='ocrx_word' id='word_1_81' title='bbox 1466 1727 1578 1798; x_wconf 77' lang='lat' dir='ltr'><em>qoam</em></span> <span class='ocrx_word' id='word_1_82' title='bbox 1597 1695 1753 1783; x_wconf 62' lang='lat' dir='ltr'><em>merca:-</em></span> 
     </span>
     <span class='ocr_line' id='line_1_10' title="bbox 130 1832 1754 1931; baseline 0.002 -33"><span class='ocrx_word' id='word_1_83' title='bbox 130 1840 252 1916; x_wconf 88' lang='lat' dir='ltr'><em>tores,</em></span> <span class='ocrx_word' id='word_1_84' title='bbox 281 1832 456 1930; x_wconf 80' lang='lat' dir='ltr'><em>referret.</em></span> <span class='ocrx_word' id='word_1_85' title='bbox 525 1836 757 1908; x_wconf 84' lang='lat' dir='ltr'><em>Gunultilda</em></span> <span class='ocrx_word' id='word_1_86' title='bbox 781 1836 894 1906; x_wconf 89' lang='lat' dir='ltr'><em>illam</em></span> <span class='ocrx_word' id='word_1_87' title='bbox 923 1837 1041 1906; x_wconf 87' lang='lat' dir='ltr'><em>talem</em></span> <span class='ocrx_word' id='word_1_88' title='bbox 1057 1837 1246 1926; x_wconf 84' lang='lat' dir='ltr'><em>futuram</em></span> <span class='ocrx_word' id='word_1_89' title='bbox 1266 1836 1471 1931; x_wconf 84' lang='lat' dir='ltr'><em>promisit3</em></span> <span class='ocrx_word' id='word_1_90' title='bbox 1507 1838 1563 1905; x_wconf 89' lang='lat' dir='ltr'><em>ad</em></span> <span class='ocrx_word' id='word_1_91' title='bbox 1582 1836 1654 1905; x_wconf 79' lang='lat' dir='ltr'><em>lioc</em></span> <span class='ocrx_word' id='word_1_92' title='bbox 1679 1834 1754 1902; x_wconf 89' lang='lat' dir='ltr'><em>iter</em></span> 
     </span>
     <span class='ocr_line' id='line_1_11' title="bbox 132 1957 1751 2062; baseline 0.004 -34"><span class='ocrx_word' id='word_1_93' title='bbox 132 1957 266 2030; x_wconf 82' lang='lat' dir='ltr'><em>Oruus</em></span> <span class='ocrx_word' id='word_1_94' title='bbox 287 1987 371 2032; x_wconf 89' lang='lat' dir='ltr'><em>cum</em></span> <span class='ocrx_word' id='word_1_95' title='bbox 395 1967 521 2037; x_wconf 80' lang='lat' dir='ltr'><em>Olavo</em></span> <span class='ocrx_word' id='word_1_96' title='bbox 546 1967 706 2056; x_wconf 87' lang='lat' dir='ltr'><em>electus,</em></span> <span class='ocrx_word' id='word_1_97' title='bbox 733 1963 771 2036; x_wconf 75' lang='grc'><em>8(</em></span> <span class='ocrx_word' id='word_1_98' title='bbox 787 1967 924 2036; x_wconf 76' lang='lat' dir='ltr'><em>cohors</em></span> <span class='ocrx_word' id='word_1_99' title='bbox 941 1969 1090 2061; x_wconf 77' lang='lat' dir='ltr'><em>quidem</em></span> <span class='ocrx_word' id='word_1_100' title='bbox 1104 1968 1275 2062; x_wconf 83' lang='lat' dir='ltr'><em>perbene</em></span> <span class='ocrx_word' id='word_1_101' title='bbox 1294 1969 1497 2056; x_wconf 84' lang='lat' dir='ltr'><em>instructa.</em></span> <span class='ocrx_word' id='word_1_102' title='bbox 1552 1969 1637 2040; x_wconf 83' lang='lat' dir='ltr'><em>Rex</em></span> <span class='ocrx_word' id='word_1_103' title='bbox 1655 1965 1751 2036; x_wconf 88' lang='lat' dir='ltr'><em>Ha-</em></span> 
     </span>
     <span class='ocr_line' id='line_1_12' title="bbox 128 2091 1751 2192; baseline 0.004 -33"><span class='ocrx_word' id='word_1_104' title='bbox 128 2091 274 2160; x_wconf 86' lang='lat' dir='ltr'><em>raldus</em></span> <span class='ocrx_word' id='word_1_105' title='bbox 292 2106 407 2189; x_wconf 82' lang='lat' dir='ltr'><em>atqve</em></span> <span class='ocrx_word' id='word_1_106' title='bbox 424 2098 655 2166; x_wconf 85' lang='lat' dir='ltr'><em>Gunnlzilda</em></span> <span class='ocrx_word' id='word_1_107' title='bbox 678 2097 846 2166; x_wconf 83' lang='lat' dir='ltr'><em>Olaoum</em></span> <span class='ocrx_word' id='word_1_108' title='bbox 868 2101 923 2165; x_wconf 91' lang='lat' dir='ltr'><em>ad</em></span> <span class='ocrx_word' id='word_1_109' title='bbox 940 2100 1074 2168; x_wconf 79' lang='lat' dir='ltr'><em>navim</em></span> <span class='ocrx_word' id='word_1_110' title='bbox 1097 2099 1408 2186; x_wconf 73' lang='lat' dir='ltr'><em>cantitabantur,</em></span> <span class='ocrx_word' id='word_1_111' title='bbox 1444 2096 1482 2168; x_wconf 78' lang='lat'><em>8&lt;</em></span> <span class='ocrx_word' id='word_1_112' title='bbox 1497 2111 1645 2192; x_wconf 86' lang='lat' dir='ltr'><em>prceter</em></span> <span class='ocrx_word' id='word_1_113' title='bbox 1672 2121 1751 2166; x_wconf 61' lang='lat' dir='ltr'><em>cce*</em></span> 
     </span>
     <span class='ocr_line' id='line_1_13' title="bbox 129 2219 1751 2324; baseline 0.002 -32"><span class='ocrx_word' id='word_1_114' title='bbox 129 2235 219 2293; x_wconf 88' lang='lat' dir='ltr'><em>tera</em></span> <span class='ocrx_word' id='word_1_115' title='bbox 232 2226 332 2318; x_wconf 89' lang='lat' dir='ltr'><em>jura</em></span> <span class='ocrx_word' id='word_1_116' title='bbox 353 2229 557 2316; x_wconf 75' lang='lat' dir='ltr'><em>amicitiae,</em></span> <span class='ocrx_word' id='word_1_117' title='bbox 585 2230 626 2296; x_wconf 89' lang='lat' dir='ltr'><em>in</em></span> <span class='ocrx_word' id='word_1_118' title='bbox 642 2249 725 2322; x_wconf 79' lang='lat' dir='ltr'><em>qvae</em></span> <span class='ocrx_word' id='word_1_119' title='bbox 750 2219 960 2324; x_wconf 88' lang='lat' dir='ltr'><em>illumjam</em></span> <span class='ocrx_word' id='word_1_120' title='bbox 980 2232 1230 2324; x_wconf 81' lang='lat' dir='ltr'><em>recepissent,</em></span> <span class='ocrx_word' id='word_1_121' title='bbox 1258 2257 1296 2300; x_wconf 89' lang='lat' dir='ltr'><em>se</em></span> <span class='ocrx_word' id='word_1_122' title='bbox 1316 2232 1378 2300; x_wconf 93' lang='lat' dir='ltr'><em>illi</em></span> <span class='ocrx_word' id='word_1_123' title='bbox 1405 2231 1612 2300; x_wconf 72' lang='lat' dir='ltr'><em>secundam</em></span> <span class='ocrx_word' id='word_1_124' title='bbox 1637 2252 1751 2298; x_wconf 88' lang='lat' dir='ltr'><em>suam</em></span> 
     </span>
     <span class='ocr_line' id='line_1_14' title="bbox 117 2355 1751 2458; baseline 0.001 -32"><span class='ocrx_word' id='word_1_125' title='bbox 117 2355 338 2446; x_wconf 78' lang='lat' dir='ltr'><em>fortunam</em></span> <span class='ocrx_word' id='word_1_126' title='bbox 361 2357 631 2452; x_wconf 76' lang='lat' dir='ltr'><em>impertituros</em></span> <span class='ocrx_word' id='word_1_127' title='bbox 657 2355 892 2452; x_wconf 80' lang='lat' dir='ltr'><em>promisere,</em></span> <span class='ocrx_word' id='word_1_128' title='bbox 928 2363 1071 2458; x_wconf 72' lang='lat' dir='ltr'><em>inquot</em></span> <span class='ocrx_word' id='word_1_129' title='bbox 1095 2388 1162 2432; x_wconf 84' lang='lat' dir='ltr'><em>rex</em></span> <span class='ocrx_word' id='word_1_130' title='bbox 1180 2361 1624 2454; x_wconf 86' lang='lat' dir='ltr'><em>IIaraldussacilefieri</em></span> <span class='ocrx_word' id='word_1_131' title='bbox 1633 2385 1751 2455; x_wconf 88' lang='lat' dir='ltr'><em>passe</em></span> 
     </span>
     <span class='ocr_line' id='line_1_15' title="bbox 128 2487 1750 2582; baseline 0.004 -27"><span class='ocrx_word' id='word_1_132' title='bbox 128 2487 367 2580; x_wconf 82' lang='lat' dir='ltr'><em>affirmavit,</em></span> <span class='ocrx_word' id='word_1_133' title='bbox 401 2492 588 2563; x_wconf 87' lang='lat' dir='ltr'><em>nemiuem</em></span> <span class='ocrx_word' id='word_1_134' title='bbox 614 2491 715 2561; x_wconf 90' lang='lat' dir='ltr'><em>enim</em></span> <span class='ocrx_word' id='word_1_135' title='bbox 738 2515 786 2561; x_wconf 88' lang='lat' dir='ltr'><em>ca</em></span> <span class='ocrx_word' id='word_1_136' title='bbox 810 2505 928 2564; x_wconf 87' lang='lat' dir='ltr'><em>aetate</em></span> <span class='ocrx_word' id='word_1_137' title='bbox 948 2495 1205 2566; x_wconf 78' lang='lat' dir='ltr'><em>venustiorem</em></span> <span class='ocrx_word' id='word_1_138' title='bbox 1219 2495 1345 2567; x_wconf 79' lang='lat' dir='ltr'><em>virum</em></span> <span class='ocrx_word' id='word_1_139' title='bbox 1364 2519 1409 2566; x_wconf 79' lang='lat' dir='ltr'><em>ex</em></span> <span class='ocrx_word' id='word_1_140' title='bbox 1421 2495 1608 2582; x_wconf 77' lang='lat' dir='ltr'><em>lslandia</em></span> <span class='ocrx_word' id='word_1_141' title='bbox 1626 2495 1750 2563; x_wconf 83' lang='lat' dir='ltr'><em>adve-</em></span> 
     </span>
     <span class='ocr_line' id='line_1_16' title="bbox 128 2621 1751 2720; baseline 0.001 -28"><span class='ocrx_word' id='word_1_142' title='bbox 128 2621 237 2692; x_wconf 83' lang='lat' dir='ltr'><em>nisse</em></span> <span class='ocrx_word' id='word_1_143' title='bbox 250 2621 534 2702; x_wconf 84' lang='lat' dir='ltr'><em>arbitrabatur.</em></span> <span class='ocrx_word' id='word_1_144' title='bbox 585 2623 740 2695; x_wconf 81' lang='lat' dir='ltr'><em>Deinde</em></span> <span class='ocrx_word' id='word_1_145' title='bbox 757 2629 914 2719; x_wconf 80' lang='lat' dir='ltr'><em>rogavit</em></span> <span class='ocrx_word' id='word_1_146' title='bbox 931 2651 998 2700; x_wconf 84' lang='lat' dir='ltr'><em>rex</em></span> <span class='ocrx_word' id='word_1_147' title='bbox 1009 2639 1166 2698; x_wconf 77' lang='lat' dir='ltr'><em>oetatem</em></span> <span class='ocrx_word' id='word_1_148' title='bbox 1185 2629 1312 2700; x_wconf 83' lang='lat' dir='ltr'><em>Olavi.</em></span> <span class='ocrx_word' id='word_1_149' title='bbox 1367 2631 1517 2700; x_wconf 82' lang='lat' dir='ltr'><em>Olavus</em></span> <span class='ocrx_word' id='word_1_150' title='bbox 1536 2625 1751 2720; x_wconf 88' lang='lat' dir='ltr'><em>responde-</em></span> 
     </span>
     <span class='ocr_line' id='line_1_17' title="bbox 129 2751 1751 2854; baseline 0.002 -30"><span class='ocrx_word' id='word_1_151' title='bbox 129 2751 224 2824; x_wconf 89' lang='lat' dir='ltr'><em>bat:</em></span> <span class='ocrx_word' id='word_1_152' title='bbox 238 2755 329 2848; x_wconf 87' lang='lat' dir='ltr'><em>jum</em></span> <span class='ocrx_word' id='word_1_153' title='bbox 346 2757 502 2827; x_wconf 90' lang='lat' dir='ltr'><em>XVIII</em></span> <span class='ocrx_word' id='word_1_154' title='bbox 516 2782 642 2828; x_wconf 88' lang='lat' dir='ltr'><em>annos</em></span> <span class='ocrx_word' id='word_1_155' title='bbox 658 2771 778 2828; x_wconf 86' lang='lat' dir='ltr'><em>natus</em></span> <span class='ocrx_word' id='word_1_156' title='bbox 802 2784 896 2832; x_wconf 89' lang='lat' dir='ltr'><em>sum.</em></span> <span class='ocrx_word' id='word_1_157' title='bbox 949 2763 1034 2833; x_wconf 77' lang='lat' dir='ltr'><em>Rex</em></span> <span class='ocrx_word' id='word_1_158' title='bbox 1056 2762 1283 2854; x_wconf 82' lang='lat' dir='ltr'><em>respondit:</em></span> <span class='ocrx_word' id='word_1_159' title='bbox 1313 2760 1423 2830; x_wconf 82' lang='lat' dir='ltr'><em>Talis</em></span> <span class='ocrx_word' id='word_1_160' title='bbox 1438 2761 1535 2847; x_wconf 83' lang='lat' dir='ltr'><em>oiri,</em></span> <span class='ocrx_word' id='word_1_161' title='bbox 1561 2757 1690 2854; x_wconf 79' lang='lat' dir='ltr'><em>qsalis</em></span> <span class='ocrx_word' id='word_1_162' title='bbox 1708 2769 1751 2828; x_wconf 87' lang='lat' dir='ltr'><em>tu</em></span> 
     </span>
     <span class='ocr_line' id='line_1_18' title="bbox 129 2892 1827 2988; baseline 0 -30"><span class='ocrx_word' id='word_1_163' title='bbox 129 2910 189 2976; x_wconf 90' lang='lat' dir='ltr'><em>es,</em></span> <span class='ocrx_word' id='word_1_164' title='bbox 210 2911 356 2982; x_wconf 82' lang='lat' dir='ltr'><em>magna</em></span> <span class='ocrx_word' id='word_1_165' title='bbox 377 2913 472 2960; x_wconf 90' lang='lat' dir='ltr'><em>sane</em></span> <span class='ocrx_word' id='word_1_166' title='bbox 489 2903 546 2960; x_wconf 92' lang='lat' dir='ltr'><em>est</em></span> <span class='ocrx_word' id='word_1_167' title='bbox 557 2892 815 2986; x_wconf 85' lang='lat' dir='ltr'><em>proestuntia,</em></span> <span class='ocrx_word' id='word_1_168' title='bbox 833 2894 921 2987; x_wconf 84' lang='lat' dir='ltr'><em>jam</em></span> <span class='ocrx_word' id='word_1_169' title='bbox 938 2893 1038 2962; x_wconf 87' lang='lat' dir='ltr'><em>enim</em></span> <span class='ocrx_word' id='word_1_170' title='bbox 1055 2893 1120 2962; x_wconf 82' lang='lat' dir='ltr'><em>vix</em></span> <span class='ocrx_word' id='word_1_171' title='bbox 1136 2917 1358 2988; x_wconf 80' lang='lat' dir='ltr'><em>esegressus</em></span> <span class='ocrx_word' id='word_1_172' title='bbox 1371 2893 1564 2986; x_wconf 81' lang='lat' dir='ltr'><em>puerilem</em></span> <span class='ocrx_word' id='word_1_173' title='bbox 1582 2902 1750 2975; x_wconf 81' lang='lat' dir='ltr'><em>oetutem.</em></span> <span class='ocrx_word' id='word_1_174' title='bbox 1819 2937 1827 2952; x_wconf 82' lang='lat'><strong>·</strong></span> 
     </span>
     <span class='ocr_line' id='line_1_19' title="bbox 131 3019 1751 3120; baseline 0 -28"><span class='ocrx_word' id='word_1_175' title='bbox 131 3019 284 3092; x_wconf 86' lang='lat' dir='ltr'><em>Verum</em></span> <span class='ocrx_word' id='word_1_176' title='bbox 300 3023 453 3092; x_wconf 86' lang='lat' dir='ltr'><em>rediens</em></span> <span class='ocrx_word' id='word_1_177' title='bbox 476 3025 612 3094; x_wconf 88' lang='lat' dir='ltr'><em>statim</em></span> <span class='ocrx_word' id='word_1_178' title='bbox 633 3021 702 3094; x_wconf 80' lang='lat' dir='ltr'><em>nos</em></span> <span class='ocrx_word' id='word_1_179' title='bbox 727 3025 897 3094; x_wconf 81' lang='lat' dir='ltr'><em>conveni.</em></span> <span class='ocrx_word' id='word_1_180' title='bbox 944 3027 1089 3093; x_wconf 87' lang='lat' dir='ltr'><em>Postea</em></span> <span class='ocrx_word' id='word_1_181' title='bbox 1109 3047 1178 3094; x_wconf 85' lang='lat' dir='ltr'><em>rex</em></span> <span class='ocrx_word' id='word_1_182' title='bbox 1194 3037 1309 3120; x_wconf 86' lang='lat' dir='ltr'><em>atqve</em></span> <span class='ocrx_word' id='word_1_183' title='bbox 1329 3025 1561 3096; x_wconf 82' lang='lat' dir='ltr'><em>Gunnltilda</em></span> <span class='ocrx_word' id='word_1_184' title='bbox 1583 3025 1751 3094; x_wconf 83' lang='lat' dir='ltr'><em>Oluvum</em></span> 
     </span>
     <span class='ocr_line' id='line_1_20' title="bbox 131 3152 1752 3248; baseline -0.001 -24"><span class='ocrx_word' id='word_1_185' title='bbox 131 3152 488 3248; x_wconf 75' lang='lat' dir='ltr'><em>valerejubebant5</em></span> <span class='ocrx_word' id='word_1_186' title='bbox 524 3169 605 3226; x_wconf 85' lang='lat' dir='ltr'><em>turn</em></span> <span class='ocrx_word' id='word_1_187' title='bbox 623 3159 690 3226; x_wconf 90' lang='lat' dir='ltr'><em>ille</em></span> <span class='ocrx_word' id='word_1_188' title='bbox 707 3180 792 3225; x_wconf 89' lang='lat' dir='ltr'><em>cum</em></span> <span class='ocrx_word' id='word_1_189' title='bbox 808 3155 923 3226; x_wconf 87' lang='lat' dir='ltr'><em>sociis</em></span> <span class='ocrx_word' id='word_1_190' title='bbox 939 3155 1072 3226; x_wconf 82' lang='lat' dir='ltr'><em>navim</em></span> <span class='ocrx_word' id='word_1_191' title='bbox 1088 3156 1383 3248; x_wconf 83' lang='lat' dir='ltr'><em>conscendebat3</em></span> <span class='ocrx_word' id='word_1_192' title='bbox 1410 3157 1547 3228; x_wconf 88' lang='lat' dir='ltr'><em>deinde</em></span> <span class='ocrx_word' id='word_1_193' title='bbox 1564 3155 1604 3224; x_wconf 90' lang='lat' dir='ltr'><em>in</em></span> <span class='ocrx_word' id='word_1_194' title='bbox 1625 3157 1752 3223; x_wconf 90' lang='lat' dir='ltr'><em>altum</em></span> 
     </span>
     <span class='ocr_line' id='line_1_21' title="bbox 130 3277 1752 3378; baseline -0.004 -20"><span class='ocrx_word' id='word_1_195' title='bbox 130 3287 248 3376; x_wconf 80' lang='lat' dir='ltr'><em>vecti,</em></span> <span class='ocrx_word' id='word_1_196' title='bbox 274 3277 388 3358; x_wconf 76' lang='lat' dir='ltr'><em>ceizto</em></span> <span class='ocrx_word' id='word_1_197' title='bbox 403 3289 682 3378; x_wconf 88' lang='lat' dir='ltr'><em>miuussausto</em></span> <span class='ocrx_word' id='word_1_198' title='bbox 699 3313 746 3356; x_wconf 89' lang='lat' dir='ltr'><em>ea</em></span> <span class='ocrx_word' id='word_1_199' title='bbox 763 3297 902 3378; x_wconf 73' lang='lat' dir='ltr'><em>testate</em></span> <span class='ocrx_word' id='word_1_200' title='bbox 921 3285 982 3354; x_wconf 90' lang='lat' dir='ltr'><em>usi</em></span> <span class='ocrx_word' id='word_1_201' title='bbox 996 3299 1098 3375; x_wconf 89' lang='lat' dir='ltr'><em>sunt,</em></span> <span class='ocrx_word' id='word_1_202' title='bbox 1127 3312 1219 3355; x_wconf 91' lang='lat' dir='ltr'><em>nam</em></span> <span class='ocrx_word' id='word_1_203' title='bbox 1238 3287 1381 3357; x_wconf 86' lang='lat' dir='ltr'><em>nebula</em></span> <span class='ocrx_word' id='word_1_204' title='bbox 1391 3287 1475 3374; x_wconf 84' lang='lat' dir='ltr'><em>fuit</em></span> <span class='ocrx_word' id='word_1_205' title='bbox 1488 3287 1626 3373; x_wconf 90' lang='lat' dir='ltr'><em>multa,</em></span> <span class='ocrx_word' id='word_1_206' title='bbox 1646 3283 1752 3354; x_wconf 79' lang='lat' dir='ltr'><em>venti</em></span> 
     </span>
     <span class='ocr_line' id='line_1_22' title="bbox 12 3415 1775 3514; baseline -0.006 -22"><span class='ocrx_word' id='word_1_207' title='bbox 12 3455 17 3462; x_wconf 92' lang='lat'>·</span> <span class='ocrx_word' id='word_1_208' title='bbox 130 3442 228 3492; x_wconf 73' lang='lat' dir='ltr'><em>vero</em></span> <span class='ocrx_word' id='word_1_209' title='bbox 247 3433 319 3488; x_wconf 89' lang='lat' dir='ltr'><em>aut</em></span> <span class='ocrx_word' id='word_1_210' title='bbox 337 3420 491 3514; x_wconf 81' lang='lat' dir='ltr'><em>exigua,</em></span> <span class='ocrx_word' id='word_1_211' title='bbox 517 3421 726 3491; x_wconf 87' lang='lat' dir='ltr'><em>autetiam</em></span> <span class='ocrx_word' id='word_1_212' title='bbox 748 3419 782 3488; x_wconf 88' lang='lat' dir='ltr'><em>si</em></span> <span class='ocrx_word' id='word_1_213' title='bbox 798 3415 887 3514; x_wconf 81' lang='lat' dir='ltr'><em>q&#39;va,</em></span> <span class='ocrx_word' id='word_1_214' title='bbox 912 3416 1116 3486; x_wconf 87' lang='lat' dir='ltr'><em>contraria</em></span> <span class='ocrx_word' id='word_1_215' title='bbox 1133 3418 1214 3509; x_wconf 78' lang='lat' dir='ltr'><em>vis;</em></span> <span class='ocrx_word' id='word_1_216' title='bbox 1241 3415 1321 3488; x_wconf 80' lang='lat' dir='ltr'><em>la&#39;te</em></span> <span class='ocrx_word' id='word_1_217' title='bbox 1330 3441 1407 3512; x_wconf 91' lang='lat' dir='ltr'><em>per</em></span> <span class='ocrx_word' id='word_1_218' title='bbox 1420 3429 1588 3511; x_wconf 89' lang='lat' dir='ltr'><em>pontum</em></span> <span class='ocrx_word' id='word_1_219' title='bbox 1600 3415 1753 3510; x_wconf 83' lang='lat' dir='ltr'><em>jactati</em></span> <span class='ocrx_word' id='word_1_220' title='bbox 1773 3493 1775 3507; x_wconf 40' lang='grc' dir='ltr'>Ι</span> 
     </span>
     <span class='ocr_line' id='line_1_23' title="bbox 130 3548 1863 3647; baseline -0.003 -24"><span class='ocrx_word' id='word_1_221' title='bbox 130 3563 240 3640; x_wconf 88' lang='lat' dir='ltr'><em>sunt,</em></span> <span class='ocrx_word' id='word_1_222' title='bbox 257 3553 436 3647; x_wconf 77' lang='lat' dir='ltr'><em>pleriqoe</em></span> <span class='ocrx_word' id='word_1_223' title='bbox 460 3564 675 3622; x_wconf 86' lang='lat' dir='ltr'><em>nautarum</em></span> <span class='ocrx_word' id='word_1_224' title='bbox 695 3563 873 3620; x_wconf 86' lang='lat' dir='ltr'><em>errantes</em></span> <span class='ocrx_word' id='word_1_225' title='bbox 897 3551 945 3620; x_wconf 89' lang='lat' dir='ltr'><em>cle</em></span> <span class='ocrx_word' id='word_1_226' title='bbox 967 3548 1187 3644; x_wconf 83' lang='lat' dir='ltr'><em>regionibus</em></span> <span class='ocrx_word' id='word_1_227' title='bbox 1213 3553 1331 3639; x_wconf 86' lang='lat' dir='ltr'><em>coeli,</em></span> <span class='ocrx_word' id='word_1_228' title='bbox 1358 3553 1426 3620; x_wconf 82' lang='lat' dir='ltr'><em>secl</em></span> <span class='ocrx_word' id='word_1_229' title='bbox 1446 3551 1606 3644; x_wconf 80' lang='lat' dir='ltr'><em>deniqve</em></span> <span class='ocrx_word' id='word_1_230' title='bbox 1622 3560 1754 3617; x_wconf 87' lang='lat' dir='ltr'><em>tamen</em></span> <span class='ocrx_word' id='word_1_231' title='bbox 1859 3583 1863 3598; x_wconf 83' lang='lat'>·</span> 
     </span>
     <span class='ocr_line' id='line_1_24' title="bbox 129 3683 1752 3781; baseline -0.005 -23"><span class='ocrx_word' id='word_1_232' title='bbox 129 3683 295 3780; x_wconf 84' lang='lat' dir='ltr'><em>diffusae</em></span> <span class='ocrx_word' id='word_1_233' title='bbox 317 3685 485 3773; x_wconf 75' lang='lat' dir='ltr'><em>nebulae,</em></span> <span class='ocrx_word' id='word_1_234' title='bbox 524 3699 639 3781; x_wconf 76' lang='lat' dir='ltr'><em>atqve</em></span> <span class='ocrx_word' id='word_1_235' title='bbox 660 3685 765 3758; x_wconf 81' lang='lat' dir='ltr'><em>venti</em></span> <span class='ocrx_word' id='word_1_236' title='bbox 784 3683 930 3772; x_wconf 76' lang='lat' dir='ltr'><em>exorti,</em></span> <span class='ocrx_word' id='word_1_237' title='bbox 971 3695 1123 3777; x_wconf 73' lang='lat' dir='ltr'><em>tumque</em></span> <span class='ocrx_word' id='word_1_238' title='bbox 1139 3705 1275 3775; x_wconf 84' lang='lat' dir='ltr'><em>pansa</em></span> <span class='ocrx_word' id='word_1_239' title='bbox 1300 3683 1515 3780; x_wconf 80' lang='lat' dir='ltr'><em>oela;·jam</em></span> <span class='ocrx_word' id='word_1_240' title='bbox 1533 3684 1579 3754; x_wconf 90' lang='lat' dir='ltr'><em>de</em></span> <span class='ocrx_word' id='word_1_241' title='bbox 1598 3707 1640 3752; x_wconf 91' lang='lat' dir='ltr'><em>eo</em></span> <span class='ocrx_word' id='word_1_242' title='bbox 1663 3693 1752 3752; x_wconf 84' lang='lat' dir='ltr'><em>orta</em></span> 
     </span>
     <span class='ocr_line' id='line_1_25' title="bbox 130 3813 1755 3913; baseline -0.003 -25"><span class='ocrx_word' id='word_1_243' title='bbox 130 3819 376 3888; x_wconf 81' lang='lat' dir='ltr'><em>consultatio</em></span> <span class='ocrx_word' id='word_1_244' title='bbox 398 3818 463 3887; x_wconf 89' lang='lat' dir='ltr'><em>ubi</em></span> <span class='ocrx_word' id='word_1_245' title='bbox 486 3818 684 3896; x_wconf 82' lang='lat' dir='ltr'><em>Hibernia</em></span> <span class='ocrx_word' id='word_1_246' title='bbox 699 3813 907 3913; x_wconf 66' lang='lat' dir='ltr'><em>q&#39;voerencla</em></span> <span class='ocrx_word' id='word_1_247' title='bbox 924 3829 1033 3904; x_wconf 87' lang='lat' dir='ltr'><em>esset,</em></span> <span class='ocrx_word' id='word_1_248' title='bbox 1045 3819 1371 3912; x_wconf 81' lang='lat' dir='ltr'><em>parurnqoedeeo</em></span> <span class='ocrx_word' id='word_1_249' title='bbox 1388 3817 1648 3902; x_wconf 83' lang='lat' dir='ltr'><em>internoutas</em></span> <span class='ocrx_word' id='word_1_250' title='bbox 1659 3836 1755 3884; x_wconf 91' lang='lat' dir='ltr'><em>con·-</em></span> 
     </span>
     <span class='ocr_line' id='line_1_26' title="bbox 131 3927 1755 4047; baseline -0.004 -27"><span class='ocrx_word' id='word_1_251' title='bbox 131 3951 255 4020; x_wconf 73' lang='lat' dir='ltr'><em>aenit.</em></span> <span class='ocrx_word' id='word_1_252' title='bbox 306 3950 388 4019; x_wconf 81' lang='lat' dir='ltr'><em>Orn</em></span> <span class='ocrx_word' id='word_1_253' title='bbox 406 3952 638 4021; x_wconf 89' lang='lat' dir='ltr'><em>sententiam</em></span> <span class='ocrx_word' id='word_1_254' title='bbox 657 3927 1040 4020; x_wconf 32' lang='lat' dir='ltr'><em>tuebatur&#39;omnibus</em></span> <span class='ocrx_word' id='word_1_255' title='bbox 1063 3949 1214 4036; x_wconf 78' lang='lat' dir='ltr'><em>caeteris</em></span> <span class='ocrx_word' id='word_1_256' title='bbox 1235 3951 1370 4021; x_wconf 86' lang='lat' dir='ltr'><em>nautis</em></span> <span class='ocrx_word' id='word_1_257' title='bbox 1388 3949 1651 4047; x_wconf 84' lang='lat' dir='ltr'><em>contrariam,</em></span> <span class='ocrx_word' id='word_1_258' title='bbox 1691 3943 1755 4014; x_wconf 92' lang='lat' dir='ltr'><em>illi</em></span> 
     </span>
     <span class='ocr_line' id='line_1_27' title="bbox 129 4053 1755 4174; baseline -0.006 -20"><span class='ocrx_word' id='word_1_259' title='bbox 129 4082 240 4154; x_wconf 87' lang='lat' dir='ltr'><em>enim</em></span> <span class='ocrx_word' id='word_1_260' title='bbox 259 4105 344 4150; x_wconf 85' lang='lat' dir='ltr'><em>eum</em></span> <span class='ocrx_word' id='word_1_261' title='bbox 370 4081 524 4150; x_wconf 89' lang='lat' dir='ltr'><em>omnino</em></span> <span class='ocrx_word' id='word_1_262' title='bbox 545 4104 679 4150; x_wconf 88' lang='lat' dir='ltr'><em>errare</em></span> <span class='ocrx_word' id='word_1_263' title='bbox 697 4054 976 4150; x_wconf 77' lang='lat' dir='ltr'><em>contendeiunt</em></span> <span class='ocrx_word' id='word_1_264' title='bbox 996 4080 1140 4174; x_wconf 82' lang='lat' dir='ltr'><em>sibiqve</em></span> <span class='ocrx_word' id='word_1_265' title='bbox 1154 4081 1220 4164; x_wconf 64' lang='lat' dir='ltr'><em>ativ</em></span> <span class='ocrx_word' id='word_1_266' title='bbox 1225 4081 1412 4170; x_wconf 86' lang='lat' dir='ltr'><em>pluribus</em></span> <span class='ocrx_word' id='word_1_267' title='bbox 1435 4107 1515 4152; x_wconf 90' lang='lat' dir='ltr'><em>esse</em></span> <span class='ocrx_word' id='word_1_268' title='bbox 1537 4053 1755 4152; x_wconf 81' lang='lat' dir='ltr'><em>cedendum.</em></span> 
     </span>
     <span class='ocr_line' id='line_1_28' title="bbox 129 4196 1758 4309; baseline -0.001 -29"><span class='ocrx_word' id='word_1_269' title='bbox 129 4211 294 4287; x_wconf 83' lang='lat' dir='ltr'><em>Deinde</em></span> <span class='ocrx_word' id='word_1_270' title='bbox 319 4213 436 4283; x_wconf 82' lang='lat' dir='ltr'><em>Olaoi</em></span> <span class='ocrx_word' id='word_1_271' title='bbox 447 4212 602 4308; x_wconf 86' lang='lat' dir='ltr'><em>judicio</em></span> <span class='ocrx_word' id='word_1_272' title='bbox 623 4214 826 4284; x_wconf 86' lang='lat' dir='ltr'><em>commissa</em></span> <span class='ocrx_word' id='word_1_273' title='bbox 853 4236 925 4282; x_wconf 87' lang='lat' dir='ltr'><em>res.</em></span> <span class='ocrx_word' id='word_1_274' title='bbox 982 4213 1088 4283; x_wconf 84' lang='lat' dir='ltr'><em>Tunc</em></span> <span class='ocrx_word' id='word_1_275' title='bbox 1108 4213 1274 4284; x_wconf 78' lang='lat' dir='ltr'><em>Olavus:</em></span> <span class='ocrx_word' id='word_1_276' title='bbox 1301 4196 1425 4300; x_wconf 77' lang='lat' dir='ltr'><em>Mihi,</em></span> <span class='ocrx_word' id='word_1_277' title='bbox 1457 4215 1598 4309; x_wconf 81' lang='lat' dir='ltr'><em>inqoit,</em></span> <span class='ocrx_word' id='word_1_278' title='bbox 1620 4213 1758 4307; x_wconf 89' lang='lat' dir='ltr'><em>placet</em></span> 
     </span>
     <span class='ocr_line' id='line_1_29' title="bbox 63 4333 1758 4444; baseline -0.003 -27"><span class='ocrx_word' id='word_1_279' title='bbox 63 4413 69 4424; x_wconf 83' lang='lat'><em>,</em></span> <span class='ocrx_word' id='word_1_280' title='bbox 134 4355 376 4438; x_wconf 86' lang='lat' dir='ltr'><em>utpotestas</em></span> <span class='ocrx_word' id='word_1_281' title='bbox 388 4347 440 4414; x_wconf 91' lang='lat' dir='ltr'><em>sit</em></span> <span class='ocrx_word' id='word_1_282' title='bbox 450 4371 571 4440; x_wconf 82' lang='lat' dir='ltr'><em>penes</em></span> <span class='ocrx_word' id='word_1_283' title='bbox 583 4343 1075 4443; x_wconf 75' lang='lat' dir='ltr'><em>qoos&#39;estprudentia‚nam</em></span> <span class='ocrx_word' id='word_1_284' title='bbox 1088 4347 1297 4417; x_wconf 86' lang='lat' dir='ltr'><em>stultorum</em></span> <span class='ocrx_word' id='word_1_285' title='bbox 1308 4333 1623 4444; x_wconf 48' lang='lat' dir='ltr'><em>inventa&#39;qvanto</em></span> <span class='ocrx_word' id='word_1_286' title='bbox 1631 4348 1758 4443; x_wconf 86' lang='lat' dir='ltr'><em>plura</em></span> 
     </span>
     <span class='ocr_line' id='line_1_30' title="bbox 135 4474 1868 4573; baseline -0.004 -24"><span class='ocrx_word' id='word_1_287' title='bbox 135 4477 396 4566; x_wconf 80' lang='lat' dir='ltr'><em>conveniunt,</em></span> <span class='ocrx_word' id='word_1_288' title='bbox 432 4491 545 4550; x_wconf 85' lang='lat' dir='ltr'><em>tanto</em></span> <span class='ocrx_word' id='word_1_289' title='bbox 572 4480 682 4551; x_wconf 86' lang='lat' dir='ltr'><em>nobis</em></span> <span class='ocrx_word' id='word_1_290' title='bbox 705 4479 832 4573; x_wconf 79' lang='lat' dir='ltr'><em>magis</em></span> <span class='ocrx_word' id='word_1_291' title='bbox 858 4477 976 4547; x_wconf 83' lang='lat' dir='ltr'><em>noxia</em></span> <span class='ocrx_word' id='word_1_292' title='bbox 990 4478 1149 4572; x_wconf 86' lang='lat' dir='ltr'><em>judico,</em></span> <span class='ocrx_word' id='word_1_293' title='bbox 1181 4474 1227 4548; x_wconf 61' lang='lat'><em>&amp;¹</em></span> <span class='ocrx_word' id='word_1_294' title='bbox 1239 4479 1300 4548; x_wconf 81' lang='lat' dir='ltr'><em>liis</em></span> <span class='ocrx_word' id='word_1_295' title='bbox 1316 4503 1411 4551; x_wconf 87' lang='lat' dir='ltr'><em>sane</em></span> <span class='ocrx_word' id='word_1_296' title='bbox 1427 4481 1544 4552; x_wconf 89' lang='lat' dir='ltr'><em>dietis</em></span> <span class='ocrx_word' id='word_1_297' title='bbox 1561 4480 1678 4564; x_wconf 74' lang='lat' dir='ltr'><em>Olaai</em></span> <span class='ocrx_word' id='word_1_298' title='bbox 1695 4495 1790 4546; x_wconf 88' lang='lat' dir='ltr'><em>res·</em></span> <span class='ocrx_word' id='word_1_299' title='bbox 1865 4565 1868 4572; x_wconf 25' lang='grc'>1</span> 
     </span>
     <span class='ocr_line' id='line_1_31' title="bbox 137 4577 1757 4708; baseline -0.003 -27"><span class='ocrx_word' id='word_1_300' title='bbox 137 4611 366 4704; x_wconf 80' lang='lat' dir='ltr'><em>dijudicata</em></span> <span class='ocrx_word' id='word_1_301' title='bbox 395 4611 603 4707; x_wconf 76' lang='lat' dir='ltr'><em>uidebatur</em></span> <span class='ocrx_word' id='word_1_302' title='bbox 628 4610 665 4682; x_wconf 79' lang='lat'><em>8&lt;</em></span> <span class='ocrx_word' id='word_1_303' title='bbox 683 4624 826 4706; x_wconf 87' lang='lat' dir='ltr'><em>postea</em></span> <span class='ocrx_word' id='word_1_304' title='bbox 845 4609 1012 4703; x_wconf 85' lang='lat' dir='ltr'><em>regimen</em></span> <span class='ocrx_word' id='word_1_305' title='bbox 1031 4610 1184 4682; x_wconf 87' lang='lat' dir='ltr'><em>itineris</em></span> <span class='ocrx_word' id='word_1_306' title='bbox 1196 4635 1317 4705; x_wconf 87' lang='lat' dir='ltr'><em>penes</em></span> <span class='ocrx_word' id='word_1_307' title='bbox 1336 4577 1587 4708; x_wconf 81' lang='lat' dir='ltr'><em>Oritumfuit.</em></span> <span class='ocrx_word' id='word_1_308' title='bbox 1640 4610 1757 4678; x_wconf 82' lang='lat' dir='ltr'><em>Jam-</em></span> 
     </span>
     <span class='ocr_line' id='line_1_32' title="bbox 138 4734 1756 4846; baseline -0.002 -33"><span class='ocrx_word' id='word_1_309' title='bbox 138 4767 215 4840; x_wconf 79' lang='lat' dir='ltr'><em>que</em></span> <span class='ocrx_word' id='word_1_310' title='bbox 240 4743 472 4836; x_wconf 78' lang='lat' dir='ltr'><em>navigatum</em></span> <span class='ocrx_word' id='word_1_311' title='bbox 492 4767 568 4837; x_wconf 90' lang='lat' dir='ltr'><em>per</em></span> <span class='ocrx_word' id='word_1_312' title='bbox 592 4757 720 4837; x_wconf 81' lang='lat' dir='ltr'><em>noctes</em></span> <span class='ocrx_word' id='word_1_313' title='bbox 746 4737 783 4812; x_wconf 76' lang='lat'><em>8(</em></span> <span class='ocrx_word' id='word_1_314' title='bbox 815 4743 896 4812; x_wconf 87' lang='lat' dir='ltr'><em>dies</em></span> <span class='ocrx_word' id='word_1_315' title='bbox 921 4743 1150 4837; x_wconf 80' lang='lat' dir='ltr'><em>plerumqve</em></span> <span class='ocrx_word' id='word_1_316' title='bbox 1181 4746 1306 4846; x_wconf 75' lang='lat' dir='ltr'><em>sentis</em></span> <span class='ocrx_word' id='word_1_317' title='bbox 1327 4749 1489 4820; x_wconf 86' lang='lat' dir='ltr'><em>nimium</em></span> <span class='ocrx_word' id='word_1_318' title='bbox 1518 4734 1756 4833; x_wconf 62' lang='lat' dir='ltr'><em>tranquillis.</em></span> 
     </span>
     <span class='ocr_line' id='line_1_33' title="bbox 138 4871 1759 4975; baseline -0.007 -25"><span class='ocrx_word' id='word_1_319' title='bbox 138 4874 306 4950; x_wconf 84' lang='lat' dir='ltr'><em>Accidit</em></span> <span class='ocrx_word' id='word_1_320' title='bbox 330 4879 498 4972; x_wconf 76' lang='lat' dir='ltr'><em>quadam</em></span> <span class='ocrx_word' id='word_1_321' title='bbox 527 4887 637 4948; x_wconf 88' lang='lat' dir='ltr'><em>nocte</em></span> <span class='ocrx_word' id='word_1_322' title='bbox 653 4888 704 4944; x_wconf 86' lang='lat' dir='ltr'><em>ut</em></span> <span class='ocrx_word' id='word_1_323' title='bbox 727 4875 865 4968; x_wconf 78' lang='lat' dir='ltr'><em>vigiles</em></span> <span class='ocrx_word' id='word_1_324' title='bbox 880 4887 1083 4972; x_wconf 81' lang='lat' dir='ltr'><em>surgerent</em></span> <span class='ocrx_word' id='word_1_325' title='bbox 1098 4889 1218 4975; x_wconf 65' lang='lat' dir='ltr'><em>,atqve</em></span> <span class='ocrx_word' id='word_1_326' title='bbox 1231 4901 1362 4952; x_wconf 85' lang='lat' dir='ltr'><em>ornnes</em></span> <span class='ocrx_word' id='word_1_327' title='bbox 1377 4891 1524 4950; x_wconf 84' lang='lat' dir='ltr'><em>nautas</em></span> <span class='ocrx_word' id='word_1_328' title='bbox 1542 4871 1650 4943; x_wconf 87' lang='lat' dir='ltr'><em>illico</em></span> <span class='ocrx_word' id='word_1_329' title='bbox 1665 4889 1759 4940; x_wconf 86' lang='lat' dir='ltr'><em>sur-</em></span> 
     </span>
    </p>
   </div>
   <div class='ocr_carea' id='block_1_5' title="bbox 1471 5008 1615 5080">
    <p class='ocr_par' dir='ltr' id='par_1_5' title="bbox 1471 5008 1615 5080">
     <span class='ocr_line' id='line_1_34' title="bbox 1471 5008 1615 5080; baseline 0 0"><span class='ocrx_word' id='word_1_330' title='bbox 1471 5008 1615 5080; x_wconf 46' lang='grc' dir='ltr'><em>ΚΓ</em></span> 
     </span>
    </p>
   </div>
   <div class='ocr_carea' id='block_1_6' title="bbox 0 0 2140 5722">
    <p class='ocr_par' dir='ltr' id='par_1_6' title="bbox 0 0 2140 5722">
     <span class='ocr_line' id='line_1_35' title="bbox 0 0 2140 5722; baseline 0 0"><span class='ocrx_word' id='word_1_331' title='bbox 0 0 2140 5722; x_wconf 95' lang='lat' dir='ltr'><em> </em></span> 
     </span>
    </p>
   </div>
  </div>
 </body>
</html>
