4256 5730
844 585 1043 710 Q

135 861 235 910 runa
260 837 423 909 nomine.
480 817 724 909 ‚Multarum
751 835 815 910 iili
853 835 1001 910 ortium
1023 813 1187 934 periti,¹
1215 841 1366 914 diuitiis
1392 843 1618 938 pollebant,
1655 845 1747 938 filio

133 995 270 1042 nomen
291 973 456 1060 otacus,
489 981 570 1039 tum
596 971 664 1041 ille
684 973 911 1042 adolescens
930 995 979 1043 ac
996 973 1155 1066 optimae
1177 976 1271 1069 spei.
1339 979 1554 1062 Gudruna,
1601 977 1749 1050 Tbardi

134 1129 244 1194 uxor,
259 1104 405 1192 Ballio,
431 1101 674 1195 Bolliifiiio,
706 1105 916 1178 admodum
935 1118 1023 1194 erat
1034 1131 1174 1200 genere
1188 1109 1438 1205 propinqum
1464 1121 1553 1180 erat
1570 1111 1672 1182 enim
1685 1111 1749 1182 itti

133 1237 376 1310 consobrina.
425 1236 555 1306 Filius
572 1261 704 1308 eorum
730 1238 875 1312 otacus
891 1263 1027 1320 noneen
1047 1241 1162 1312 olavi
1176 1243 1239 1312 Pa
1258 1243 1304 1314 de
1323 1243 1750 1338 Hjardarboltoocca·

134 1385 197 1440 tus
207 1383 274 1440 est
333 1371 567 1442 Thordueac
586 1369 846 1457 Thoroaldus,
871 1370 977 1465 Hjal
979 1370 1025 1439 tir
1018 1367 1115 1463 'l'’fi
1086 1397 1132 1459 u,
1158 1373 1283 1466 Hafi
1270 1400 1309 1444 tn
1325 1379 1409 1472 Hja
1414 1379 1569 1447 ltadalo
1587 1376 1751 1447 babita-

133 1505 249 1588 bant,
275 1503 503 1596 dignitate
489 1503 670 1595 insignes.
715 1467 938 1593 'Iborolsu's
961 1505 1193 1606 namensuit
1211 1508 1296 1577 circ
1317 1531 1366 1576 ac
1381 1509 1633 1602 Styrimadur
1656 1509 1750 1606 [gu-

133 1633 335 1729 bernator]
357 1658 581 1728 cognomen,
618 1635 826 1706 babitacul
810 1639 888 1706 lum
910 1637 1062 1730 Tbufis3
1082 1639 1205 1730 serm
1223 1641 1287 1709 illi
1302 1641 1456 1711 animus
1472 1667 1520 1712 ac
1539 1645 1751 1714 admodum

129 1771 339 1845 vehemens.
384 1759 721 1878 Taurusiliierut,
742 1771 1331 1862 canusacadmodumsuricsuc.
1389 1773 1750 1846 TbordusdeMar-
1807 1797 1815 1814 ·

132 1905 233 1976 boelo
254 1926 340 1974 cum
361 1900 523 1972 Arnoro
544 1900 722 1972 multum.
734 1899 1082 1998 peregrinabatur.
1157 1905 1345 1995 'Iborolsa
1369 1907 1628 1999 gubernatori
1651 1930 1761 1978 uxor*
1807 1941 1811 1960 ·
1888 1927 1917 1972 .·

130 2050 233 2127 erat,
251 2045 420 2131 cognata
430 2031 612 2123 Arncr03
640 2033 820 2127 ipsevera
835 2033 1394 2127 Hjaitiifilicrumsuitcliene
1404 2064 1419 2130 ,·
1445 2043 1581 2110 matta
1601 2039 1666 2110 itti
1682 2063 1748 2110 so-

132 2174 220 2244 litae
235 2194 320 2240 cum
336 2168 482 2238 accolis
507 2165 729 2238 simultates
734 2217 747 2252 ,
778 2167 948 2278 manime
966 2179 1097 2238 autem
1123 2191 1207 2238 cum
1220 2140 1567 2260 Martatensitns,
1607 2182 1748 2240 taurus

131 2307 235 2377 erzim
252 2304 361 2374 iilius
384 2297 511 2372 multa
528 2298 748 2370 bominibus
768 2301 917 2372 damna
939 2301 1093 2386 intulit,
1126 2323 1240 2396 quum
1262 2324 1283 2369 e
1311 2303 1572 2376 communibus
1583 2303 1748 2397 pascuis

131 2439 279 2509 rediret
287 2461 301 2526 ,·
329 2433 524 2505 laceravit
538 2431 639 2502 enim
652 2457 798 2527 pecora
813 2433 1035 2518 bominum,
1082 2456 1150 2506 nec
1172 2431 1285 2534 cessit
1302 2433 1525 2528 lapidibus;
1552 2433 1749 2534 perfregit

130 2539 267 2641 autem
282 2579 408 2660 septa,
424 2577 605 2636 caeterum
622 2565 750 2636 muita
768 2565 979 2661 egitmala.
1040 2563 1219 2638 floardus
1237 2565 1284 2634 de
1303 2565 1500 2638 Marboelo
1520 2567 1750 2670 Tbarolsum

129 2701 239 2774 rediit
258 2723 415 2792 rogans,
436 2711 487 2769 ut
505 2710 663 2768 taurum
682 2699 861 2769 custodia
879 2681 1082 2770 cohiberet.
1136 2697 1328 2769 Nolumus
1342 2700 1456 2790 enim,
1476 2701 1613 2798 inquit,
1638 2700 1748 2769 illiue

128 2833 288 2932 perpeti
301 2831 538 2904 uiolentiam.
604 2831 815 2924 Tborolfus
833 2814 993 2928 negauit
1017 2831 1091 2902 sibi
1104 2831 1297 2923 futuram
1312 2834 1542 2904 ‘custodiam
1570 2833 1749 2924 arcunti.

127 2971 202 3042 Ita
228 2967 257 3036 Ἰ
259 2965 406 3034 nortus
424 2963 579 3032 domurn
593 2963 722 3030 rediit.
777 2965 1002 3053 Paulopaet
1023 2965 1203 3032 (litardus
1222 2961 1420 3032 subuersas
1436 2987 1462 3030 a
1479 2973 1596 3034 tauro
1611 2989 1750 3038 cumu-

129 3101 195 3172 los
210 3093 430 3194 cespititios
452 3091 665 3184 conspexit.
733 3089 912 3162 Titardus
932 3115 977 3162 eo
1001 3092 1175 3170 cucurrit
1190 3091 1347 3162 bastam
1369 3117 1489 3176 marcu
1507 3106 1658 3180 tenens,
1683 3118 1751 3189 qvo

129 3237 340 3323 conspecta
354 3225 420 3294 bos
431 3223 702 3318 tuiiprarupit
712 3223 909 3318 impetunt
925 3235 1041 3296 terra
1052 3191 1369 3318 immergerentur
1376 3227 1544 3320 ungulas.⁴
1576 3227 1753 3300 Tbcrduo

132 3359 504 3454 illumferiitbasta
514 3359 612 3427 adeo
627 3355 970 3426 utbumimortuuc
982 3343 1264 3446 procumberet.
1320 3357 1499 3426 Tbordus
1525 3341 1753 3448 Thoraijum

130 3495 315 3570 conuenit
328 3493 431 3588 eique
448 3491 551 3562 dixit
563 3499 760 3560 mortuum
777 3512 857 3558 esse
876 3487 1017 3558 bovem.
1048 3487 1270 3582 Inglorium
1295 3458 1338 3558 id
1345 3513 1438 3559 sane
1449 3488 1627 3580 facinus,
1652 3487 1755 3558 dixit

138 3631 176 3702 Τ
172 3627 367 3720 borolfus,
392 3637 437 3694 at
449 3651 520 3720 ega
539 3625 687 3720 quidem
709 3645 886 3717 cuperem
899 3621 1051 3716 aliquid
1059 3632 1307 3714 perpetrare,
1319 3625 1419 3716 qood
1441 3621 1512 3693 tibi
1528 3619 1755 3712 baudJoret

122 3761 360 3860 jucundius.
441 3757 654 3848 Tbcrolfus
678 3758 823 3852 lingua
844 3777 993 3850 parum
1016 3765 1238 3849 temperans
1254 3755 1485 3825 minitantia
1508 3755 1635 3823 multa
1652 3775 1755 3848 pro-

135 3881 235 3968 tulit
252 3894 371 3964 dicta.
428 3889 583 3962 Tbordo
598 3889 711 3962 domo
732 3890 808 3961 iter
825 3901 916 3960 erat
924 3873 1180 3980 faciendum
1196 3885 1311 3978 filino
1325 3867 1563 3968 Oiaeuctuin
1580 3886 1669 3959 VII
1677 3885 1757 3956 siue

137 4029 184 4104 V
179 4025 257 4098 III
273 4047 398 4094 annas
413 4033 501 4092 erat
523 4033 652 4091 natus.
679 4021 759 4092 Ira
778 4021 878 4096 vitta
898 4021 954 4092 ad
974 4021 1102 4092 iusum
1119 4041 1306 4113 egressus,
1327 4043 1542 4116 puerorum
1558 4041 1663 4090 more
1683 4019 1757 4088 do-

132 4180 245 4232 mum
262 4151 337 4224 sibi
354 4153 511 4225 struxit.
542 4151 754 4243 Tborclsus
770 4177 813 4222 eo
825 4153 1039 4225 adueniens
1058 4152 1176 4223 basta
1199 4150 1398 4244 transfixit
1403 4175 1582 4247 puerum
1607 4149 1760 4221 Deinde

135 4293 298 4364 domum
315 4287 434 4356 redut
449 4309 498 4356 ac
517 4309 694 4374 uxorem,
721 4307 802 4379 qvoe
818 4297 911 4356 acto
930 4298 1076 4373 essent,¹
1110 4285 1254 4356 docuit.
1303 4283 1471 4356 Atina.-
1496 4249 1586 4356 lico
1593 4283 1757 4380 quidem,

137 4423 285 4520 inquit,
313 4419 530 4524 malignum
549 4443 597 4488 ac
611 4417 1010 4511 nefandumsacinue,
1027 4442 1096 4492 nec
1115 4419 1200 4491 eine
1214 4419 1337 4490 multo
1353 4419 1460 4490 malo
1478 4430 1544 4488 tuo
1552 4415 1757 4507 futurum
1744 4463 1755 4502 ,

137 4559 214 4630 ille
230 4579 338 4646 vero,
368 4579 481 4652 quum
508 4577 606 4626 uxor
625 4575 710 4622 eum
728 4554 996 4646 tamgraciter
1016 4550 1252 4646 castigaret,
1294 4551 1396 4622 abiit
1417 4555 1549 4636 dano,
1595 4569 1662 4618 nec
1688 4545 1759 4613 iti-

135 4713 236 4765 nere
269 4685 490 4775 desistebat,
516 4697 722 4782 antequam
736 4682 992 4756 Miklaboeum
1015 4685 1072 4754 ad
1084 4660 1285 4757 'Amorum
1296 4685 1529 4780 perueniret.
1577 4677 1760 4772 Utrinqve

136 4829 190 4898 de
215 4821 326 4892 nouis
344 4832 534 4913 rogatum.
602 4817 813 4912 Thoralsus
837 4818 901 4890 iili
927 4819 1042 4892 Oiavi
1067 4819 1208 4890 cadem
1234 4818 1372 4888 retulit
1397 4817 1553 4888 dicens:
1586 4809 1698 4904 apud
1725 4819 1761 4878 te

131 4963 225 5054 jam
246 4978 375 5052 quara
390 4956 584 5030 auxilium
599 4965 774 5048 propter,
791 4939 1034 5050 affinitatem.
1095 4951 1278 5027 Arnorus
1301 4947 1525 5048 respondit:
1558 4944 1761 5043 bonorem

1487 5081 1523 5152 U
1541 5104 1566 5153 u
