4272 5728
1084 425 1296 540 „se-'g

375 649 469 750 ⁴non
487 677 746 770 adaptatam,
784 672 909 742 medio
924 695 1007 742 oevo
1028 671 1069 742 in
1088 671 1351 767 septentrione
1365 671 1650 744 Scandinavico
1666 671 1875 744 exercitam
1898 697 1999 756 esse,

391 821 461 868 nos
471 797 588 892 prius
611 797 805 890 suspicati
816 795 1049 885 fueramus,
1087 794 1210 864 variis
1225 794 1445 866 rationibus
1470 794 1633 862 adducti
1658 793 1702 888 ¹).

587 917 750 1011 Majora
770 919 849 1012 ejus
860 917 1015 1009 generis
1033 917 1052 984 ἑ
1069 915 1369 1008 septentrionali
1385 914 1624 1009 antiquitate
1650 915 1865 1008 specimina
1891 915 2003 985 nobie
2122 938 2129 1039 Ι

393 1040 552 1124 desunt,·
578 1040 678 1133 qvod
694 1051 825 1108 autem
843 1037 916 1105 illa
931 1035 1315 1106 Hiardurlzaltensia
1333 1033 1506 1128 artificia
1524 1059 1601 1104 non
1612 1035 1773 1128 penitus
1788 1037 1905 1104 rudia
1927 1047 2002 1106 aut

394 1159 817 1255 inelegantiafuerint,
852 1159 1077 1227 concludere
1095 1181 1324 1252 possumus,
1348 1169 1448 1262 4001
1467 1182 1514 1226 ex
1551 1155 1646 1224 aliis
1670 1155 1838 1248 ejusdem
1870 1169 2005 1226 vetus-

394 1283 491 1350 tatis
509 1281 549 1350 in
566 1281 715 1376 nostris
729 1279 845 1349 terris
862 1279 1029 1372 repertis
1043 1279 1310 1368 monumentis,
1338 1301 1452 1372 qvam
1471 1276 1688 1346 oculorium
1704 1279 1858 1346 testium
1872 1275 2007 1373 effatis

392 1402 439 1470 de
452 1401 782 1495 pictisgentilium
799 1399 841 1470 V
837 1399 1041 1469 enedorum
1058 1399 1092 1468 si
1097 1423 1137 1468 ve
1148 1399 1373 1470 sclavorum
1388 1395 1617 1492 scalpturis,
1635 1393 1744 1466 nobis
1758 1421 1784 1465 a
1797 1399 1916 1466 medii
1929 1398 2008 1467 ccvi

393 1521 651 1615 scriptoribus
669 1521 843 1592 servatis.
910 1520 1093 1613 Legimus
1111 1519 1170 1587 ita
1192 1543 1222 1588 e.
1236 1543 1297 1613 gr.
1313 1531 1526 1614 sequentem
1544 1517 1843 1611 descriptionem
1869 1519 2009 1613 templi

390 1643 634 1736 principalis
644 1641 888 1712 Stettinensis
905 1640 1010 1710 circa
1023 1665 1171 1710 annum
1190 1642 1283 1711 1150
1304 1635 1350 1734 ²).
1387 1640 1538 1710 ”Erant
1552 1638 1594 1708 in
1609 1638 2008 1712 civitateStettinensi

395 1765 564 1834 continae
582 1773 761 1856 quatuor,
787 1763 856 1829 sed
868 1785 948 1830 una
964 1785 1011 1830 ex
1025 1761 1108 1850 bis,
1141 1785 1222 1855 qooe
1231 1761 1476 1854 principalis
1494 1771 1582 1829 erat
1589 1809 1602 1848 ,
1633 1759 1810 1830 mirabili
1840 1761 1947 1831 cultu
1967 1774 2007 1832 et

396 1881 566 1972 artificio
581 1880 909 1970 constructasuit,
934 1881 1098 1950 interius
1114 1876 1152 1953 8<
1166 1881 1336 1952 exterius
1349 1882 1578 1974 sculpturas
1597 1881 1762 1972 liabens,
1795 1883 1843 1953 cle
1862 1884 2009 1976 parie-

400 2001 502 2074 tibus
517 2001 781 2097 prominentes
795 2001 984 2095 imagines
1002 2002 1199 2073 bominum
1215 2015 1253 2071 et
1272 2001 1472 2074 volucrum
1487 1995 1526 2070 8<
1545 2001 1780 2092 bestiarum,
1808 2016 1890 2074 tarn
1901 2029 2008 2100 pro·

392 2125 484 2220 prie
499 2123 579 2192 suis
595 2121 890 2192 habitudinibus
909 2145 1149 2215 expressas,
1169 2136 1214 2192 ut
1229 2123 1386 2216 spirare
1403 2135 1573 2217 putares
1593 2147 1642 2192 ac
1664 2123 1810 2210 virere,
1840 2129 2010 2222 qvodqee

284 2301 286 2306 .
398 2267 533 2316 rorum
550 2243 733 2330 dixerim,
760 2243 907 2312 colores
923 2243 1138 2337 imaginum
1158 2245 1463 2315 extrinsecarum
1478 2244 1593 2315 nulla
1613 2256 1842 2339 tempestate
1857 2249 2009 2318 nivium

398 2367 462 2440 vel
485 2363 662 2434 imbrium
682 2365 847 2455 suscori
868 2365 929 2436 vel
956 2365 1058 2433 dilui
1079 2376 1287 2456 poterant,
1325 2364 1369 2434 id
1395 2377 1534 2459 agente
1553 2365 1753 2434 industrio
1770 2368 2008 2462 pictorum.¹·

398 2487 532 2580 Longe
545 2486 662 2579 prius
677 2487 798 2570 (circa
818 2508 965 2554 annum
988 2487 1098 2566 1015)
1115 2484 1353 2596 Ditbmarus
1374 2485 1706 2580 Merseburgensis
1738 2489 1795 2557 ita
1827 2491 2010 2586 descrip-

397 2619 504 2676 serat
525 2607 710 2699 templum
719 2607 952 2676 Rbetrense:
984 2605 1161 2674 ”Fanum
1176 2609 1223 2676 de
1239 2607 1347 2702 ligno
1364 2607 1576 2699 artificiose
1591 2611 1842 2704 compositum
1850 2638 1865 2702 ,·
1890 2613 2011 2705 bajus

395 2727 572 2820 parietes
598 2731 721 2794 varias
746 2727 904 2794 deorum
936 2727 1168 2818 dearumqve
1192 2727 1382 2821 imagines
1410 2727 1572 2819 mirifice
1606 2730 1811 2824 insculpta
1836 2737 2012 2804 exterius

401 2857 546 2916 ornant
568 2843 633 2937 ³).'’
703 2845 852 2914 Similis
874 2843 1020 2912 tenoris
1042 2858 1101 2914 est
1123 2849 1473 2938 postremorelatio
1489 2849 1657 2918 Saxonis
1678 2853 1932 2923 Grammatici
1958 2859 2013 2926 cle

400 2963 787 3058 temploArconensi,
807 2963 912 3034 circa
928 2987 1075 3033 aunum
1097 2965 1189 3056 1169
1207 2965 1375 3036 aDanis
1397 2967 1629 3038 christianis
1644 2973 1860 3044 destructo:
1884 2975 2012 3047 ”Erat

399 3085 599 3156 delubrum
615 3089 783 3156 materia
801 3085 982 3177 ligneum,
1010 3108 1130 3176 opera
1144 3085 1489 3180 elegantissimum,
1506 3115 1582 3160 non
1605 3093 1730 3162 solum
1742 3095 2010 3189 munificentia

400 3205 539 3277 cultus.
590 3207 773 3277 Exterior
794 3209 891 3274 adis
915 3203 1084 3274 ambitus
1109 3220 1298 3278 accurato
1318 3210 1521 3280 caelamine
1539 3214 1761 3301 renidebat,
1787 3219 2013 3313 radiatque

399 3327 754 3423 impolitopicturae
773 3325 941 3418 artificio
963 3326 1099 3397 varius
1120 3351 1249 3398 rerum
1261 3331 1424 3421 formas
1445 3337 1699 3428 complectens
1717 3335 1788 3432 ⁴).”
1827 3341 1887 3408 Ex
1901 3341 2011 3411 bisce

400 3449 725 3542 descriptionibus
740 3449 965 3520 concludere
972 3471 1196 3540 possumus,
1222 3455 1321 3544 qvod
1337 3457 1705 3546 repraesentationes
1723 3461 1766 3536 in
1788 3463 1870 3530 aede
1889 3465 2011 3532 Olavi

399 3569 572 3640 Paeonis
592 3571 627 3666 ³)
653 3571 695 3643 V
690 3569 857 3639 enedicis
866 3571 955 3660 jam
974 3571 1380 3662 memoratismuterie,
1393 3575 1530 3663 formd
1541 3573 1578 3646 ἃ
1583 3578 1744 3670 picturd
1758 3584 1901 3674 optime
1910 3607 2012 3662 ron-
2133 3563 2134 3568 ἵ

399 3689 586 3777 venirent,
609 3715 654 3762 ea
670 3701 825 3760 trintum
841 3689 1087 3758 descrimine:
1111 3694 1212 3782 qaod
1225 3693 1307 3762 illae
1327 3707 1503 3764 externas
1521 3700 1748 3772 ornaverint
1766 3705 1907 3773 adium
1921 3729 2014 3798 pe-

401 3809 515 3876 rietes
523 3859 536 3892 ,
571 3810 633 3880 liae
657 3821 788 3878 (sutem
810 3809 993 3892 internos,
1021 3810 1206 3881 lacunari
1228 3814 1388 3908 insuper
1400 3817 1549 3888 addita.

400 3969 671 3993 -ι-ύ-

452 4071 480 4152 Ι)
507 4073 621 4153 Bidreg
640 4074 677 4133 til
695 4075 824 4136 nordisk
842 4073 1173 4158 Archesologie'1820
1188 4101 1257 4162 pag.
1278 4091 1404 4158 87-90
1419 4079 1577 4164 (translat.
1594 4095 1678 4154 Saea.
1698 4093 1848 4177 81-84).

446 4177 478 4256 ¹)
503 4180 647 4257 Stgsrtdt
664 4185 731 4239 vita
747 4185 778 4240 S.
798 4182 923 4240 Ottonis
940 4187 1030 4259 apud
1046 4189 1213 4268 Ludewig,
1235 4193 1406 4268 Scriptores
1422 4213 1480 4248 rer.
1500 4195 1710 4275 Bamberg.1.
1728 4207 1808 4271 680.

448 4281 477 4358 ¹)
500 4285 667 4344 Ditlsmari
685 4284 881 4362 Mersebarg.
907 4287 1080 4346 Chronicon
1093 4285 1262 4368 (Leibnitm
1283 4297 1398 4372 Script.
1414 4315 1473 4353 rer.
1492 4300 1653 4360 Brunsvic
1674 4307 1708 4375 1,
1733 4305 1827 4388 381).

442 4383 476 4465 ⁴)
495 4389 847 4448 SaxonisGrommatici
864 4393 952 4448 Hist.
967 4395 1053 4451 Dan.
1070 4395 1144 4454 Lib‘.
1159 4399 1257 4457 XIII.

445 4489 476 4572 ¹)
505 4491 701 4550 Celeberrlmi
716 4497 815 4584 nostrl
832 4497 894 4551 oevi
910 4496 1093 4571 sculptoris,
1123 4499 1247 4559 Alberti
1271 4501 1511 4566 Thereatdeentt
1522 4515 1629 4583 asaei,
1665 4513 1834 4573 exuam
1854 4517 2017 4590 gererale-

521 4577 615 4655 gium
632 4595 652 4635 a
669 4578 792 4636 doctiss.
805 4579 954 4650 Espoliua
968 4594 1140 4640 exaratam.

755 4754 758 4766 ¹
853 4760 1534 4796 Ἣ
