4262 5722
164 744 245 818 ceri
261 744 417 846 diuinat
438 744 621 830 animus,
644 741 866 818 Isocratem
880 740 978 833 sore
1001 752 1132 814 votum
1153 765 1287 838 spero,
1312 744 1504 842 illiusque
1522 769 1663 820 nomeu
1690 760 1785 842 post

161 879 288 950 multa
309 890 486 974 tempora
504 853 866 970 iilustrefuturum.
931 875 1241 968 ,Uxorliorunna
1265 880 1402 971 disits„
1427 893 1518 967 sunt
1542 881 1782 974 buicserca

157 1009 242 1103 filio
258 1023 503 1105 tantoeupes,
523 1023 566 1082 ut
579 1010 734 1081 illustre
739 1009 821 1104 fiat
835 1005 1003 1082 nomen?
1019 1010 1170 1096 ‚Eodem
1183 1024 1364 1108 ¹tempore,
1376 1014 1545 1099 accidit,
1569 1025 1613 1084 ut
1629 1012 1781 1106 famuli

162 1145 347 1216 sarcinas
374 1142 425 1214 ab
455 1145 561 1240 equis
592 1113 776 1216 tollerent
807 1157 924 1241 atque
945 1143 1099 1228 ,Oinous
1132 1145 1189 1229 ad
1211 1141 1350 1216 biliam
1372 1148 1607 1240 perveniret.
1674 1117 1781 1217 Tunc

167 1277 338 1350 otacus.-
372 1277 487 1348 Nunc
510 1275 731 1348 bominibus
749 1277 914 1348 curiosis
936 1275 1120 1368 satisfiet,
1148 1255 1264 1348 multi
1290 1245 1392 1349 enim
1416 1277 1492 1350 bac
1515 1281 1650 1376 byeme
1673 1281 1720 1350 de
1737 1300 1780 1350 ec

154 1411 275 1506 suere
295 1435 500 1501 sermones,
519 1409 714 1507 quodnam
734 1411 826 1482 buia
843 1410 954 1482 vitta
973 1411 1157 1502 futurum
1180 1425 1280 1482 esset
1303 1435 1451 1482 nomen.
1475 1431 1480 1442 ’
1521 1391 1782 1508 'Hjardobobt

84 1543 87 1552 ’
164 1539 432 1642 (Gregicoiiis)
449 1555 629 1635 vocetur-,-
662 1543 891 1622 conveniens
914 1543 987 1616 boc
1008 1545 1133 1615 uisum
1149 1569 1304 1630 nomen,
1347 1544 1398 1615 ab
1434 1545 1501 1634 iis,
1531 1569 1616 1642 qvoe
1641 1543 1781 1616 ibidem

164 1689 374 1751 euenerant
399 1674 521 1747 rebus.
584 1677 676 1748 iam
703 1678 852 1749 Oiacus
876 1675 1167 1768 Hjardarboiti
1198 1679 1448 1749 domesticam
1477 1703 1565 1755 rem.
1582 1678 1781 1774 instruaib

163 1809 383 1906 Magnifica
407 1811 481 1880 itta
501 1809 608 1882 brevi
618 1811 761 1902 facta,
794 1809 946 1882 nuliius
963 1810 1065 1892 enim
1087 1823 1175 1885 erat
1209 1811 1347 1906 inopia
1375 1812 1442 1882 rei.
1521 1813 1635 1882 Nunc
1663 1791 1782 1883 Olavi

162 1943 329 2014 muitum
347 1955 466 2013 aucta
482 1943 733 2030 existimatio,
760 1941 805 2014 ob
823 1941 976 2012 multas¹
986 1943 1136 2037 quidem
1153 1965 1230 2030 res,
1259 1942 1367 2034 felix
1388 1945 1489 2012 enim
1511 1947 1659 2032 Qlavus
1675 1943 1782 2014 ami-

163 2075 273 2164 citia,
295 2097 389 2145 nam
405 2074 551 2168 sicujus
564 2073 734 2148 bominis
750 2067 933 2142 'caussam
950 2087 1102 2165 aparte
1117 2075 1298 2166 suscepit,
1326 2067 1591 2168 tunc'qvilibet
1604 2101 1676 2146 sua
1695 2071 1783 2146 erat

163 2217 512 2294 sortecontentus,
529 2218 652 2300 pater
677 2207 797 2282 etiam
812 2227 956 2300 augere
972 2204 1038 2278 ilii
1062 2205 1292 2300 dignitatem
1312 2207 1480 2296 studuit,
1495 2207 1671 2302 affinitas
1687 2233 1784 2304 quo-

164 2365 235 2438 que
254 2339 615 2436 Myramannorum
630 2339 760 2414 ,Olavi
785 2347 1026 2434 potestatem
1057 2339 1225 2422 multum
1241 2335 1513 2436 ,suffulciebat
1587 2339 1785 2412 Hbskuidi
1866 2355 1878 2366 “

156 2473 337 2566 filiorum
357 2468 1019 2568 Oiavusgeuercsissimusbabitus.
1071 2469 1208 2541 Prima
1227 2469 1374 2566 hyeme,
1388 2495 1462 2570 qva
1483 2475 1631 2546 Olaeus
1652 2473 1785 2570 Hjar-

167 2581 348 2677 darbolti
357 2604 580 2694 habitabat,
592 2604 708 2674 multi
726 2603 791 2673 illi
798 2603 954 2695 famuli
961 2614 1077 2698 atque
1093 2605 1279 2698 operarii.
1304 2575 1532 2704 Domestica
1550 2630 1670 2702 opera
1685 2607 1786 2695 inter

156 2728 412 2832 famulitium
429 2735 574 2822 diuisa,
594 2737 664 2807 uni
680 2760 776 2807 cura
789 2707 923 2806 'boum'
937 2717 1201 2806 castratorum
1215 2713 1575 2828 alterivaccarum5
1596 2737 1721 2810 bovile
1744 2739 1786 2807 in

169 2872 318 2966 syiuaa
337 2870 436 2942 uilla
453 2893 531 2941 non
550 2869 657 2940 nihii
670 2865 869 2940 remotuin.
911 2869 1085 2963 Vespere
1103 2871 1269 2962 quodam
1284 2871 1461 2942 convenit
1474 2873 1641 2943 Oiauum
1659 2883 1787 2943 custos

169 3001 294 3092 bourn,
302 3023 462 3096 rogans,
472 3001 601 3071 utalii
616 2989 1285 3076 cuidam-bominibaumcustodiam
1295 2989 1505 3096 delegarit,
1518 3003 1591 3079 sibi
1600 3029 1687 3076 vero
1702 3003 1787 3076 ali-

164 3137 273 3234 ·qcad
287 3134 404 3206 aliud
416 3131 592 3226 officium.
621 3133 771 3206 otacus
789 3131 1072 3225 dixitnpimet,
1089 3143 1133 3204 ut
1151 3143 1193 3202 tu
1211 3131 1460 3206 solitum.'tibi
1478 3161 1577 3231 opus
1592 3137 1724 3206 adbuc
1745 3137 1786 3205 in

158 3272 351 3363 jutarum
366 3265 632 3358 administres.
685 3262 908 3368 Ibiepotius
923 3261 1210 3346 abireseveiie
1225 3266 1433 3348 captendit.
1500 3270 1648 3339 Oinous
1667 3267 1789 3339 distr.-

160 3399 321 3496 ¹Aliqua
340 3407 423 3466 tum
439 3393 510 3465 tibi
524 3393 670 3491 bbjecta
687 3392 880 3467 molestia.
931 3393 1016 3488 Ego
1029 3393 1102 3464 boc
1120 3415 1285 3495 vespere,
1311 3395 1466 3493 qvando
1481 3393 1593 3480 boues
1607 3397 1789 3485 vinxeris,

171 3557 259 3606 eam
275 3544 398 3603 tecum
415 3523 503 3598 &si
520 3540 603 3600 tum
624 3527 802 3622 aliquam¹
817 3525 934 3620 nujus
956 3526 1014 3596 rei
1032 3547 1213 3602 caussam
1230 3526 1437 3620 comperio,
1463 3529 1554 3598 nolo
1573 3541 1608 3598 te
1625 3529 1729 3600 banc
1744 3529 1789 3598 ob

172 3689 252 3739 rem
267 3661 477 3757 castigare,
505 3660 568 3731 sin
583 3670 715 3730 autem
728 3659 883 3728 nuliam
900 3659 1105 3752 comperio,
1133 3657 1296 3751 aliquod
1320 3634 1415 3728 sane
1434 3661 1578 3730 senties
1594 3661 1684 3730 inde
1700 3685 1790 3732 ma-

174 3801 266 3870 ium.
317 3795 471 3868 otacus
488 3805 570 3864 tum
583 3792 743 3862 hastam
758 3761 959 3881 auratam,
983 3813 1099 3886 qvam
1114 3813 1183 3860 rex
1199 3787 1262 3858 iiii
1285 3791 1458 3882 dederat,
1486 3794 1625 3862 sumsit
1643 3793 1684 3863 in
1701 3817 1792 3863 ma·-

174 3953 282 4015 num,
308 3931 422 3999 domo
437 3927 575 4000 demde
595 3923 848 4015 cumfamuio
863 3921 983 4014 abiis,-
1009 3922 1219 4016 aiiqvanta
1237 3923 1326 3994 niue
1344 3933 1452 3994 terra
1470 3925 1683 4020 tegebatur.
1725 3909 1794 3998 Ad

174 4063 301 4134 bovile
322 4067 603 4154 pervenerunt,
645 4058 747 4148 qvod
762 4069 856 4128 tum
879 4041 1185 4146 eratjapertum.
1267 4056 1416 4136 Oiavus
1433 4057 1642 4160 famulum
1671 4057 1796 4131 bovile
1858 4115 1865 4130 .
1893 4129 1897 4136 .

177 4191 331 4288 ingredi
340 4187 522 4286 jubebat,
559 4209 629 4280 ego
645 4209 755 4270 uero,
780 4187 925 4280 inquit,
951 4186 1057 4272 intro
1076 4183 1345 4280 agamhboues,
1381 4199 1423 4268 tu
1437 4192 1693 4272 renosindus
1709 4182 1797 4267 e‘cs·

178 4327 275 4399 dem.
328 4322 521 4430 famulus
538 4331 619 4390 tum
621 4315 734 4412 sores
750 4317 889 4390 bocilis
904 4317 1011 4388 adiit
1017 4367 1030 4402 ,
1048 4329 1149 4400 ‚tum
1164 4319 1233 4390 iile
1251 4319 1388 4390 statim
1406 4320 1446 4412 in
1467 4325 1635 4396 Olacum
1660 4346 1796 4398 recur-

180 4456 307 4528 sabat.
364 4457 514 4529 otacus
531 4453 695 4550 rogauit,
709 4453 802 4548 quid
814 4449 886 4522 boc
906 4449 963 4532 rei
980 4449 1105 4527 esset?
1130 4452 1207 4523 Iiie
1227 4452 1355 4528 dixit:
1389 4453 1799 4559 Hrappusinbovilis

185 4601 297 4660 astat
312 4589 474 4682 foribus
497 4610 627 4682 meque
649 4585 704 4654 ad
730 4609 770 4656 se
795 4607 938 4680 rapere
967 4597 1150 4675 conatur,
1187 4609 1255 4679 ego
1278 4609 1368 4680 uero
1396 4589 1496 4678 satis
1507 4593 1597 4686 jam
1619 4613 1705 4658 cum
1730 4587 1800 4656 iiio

187 4721 362 4791 luctatus
379 4745 474 4792 sum.
501 4765 511 4794 .
531 4717 638 4789 Tunc
657 4717 805 4789 Oiuuus
822 4715 998 4809 adfores
1008 4717 1337 4814 progrediebatur
1360 4720 1509 4791 directa
1525 4717 1565 4790 i'n
1581 4715 1800 4812 Hrappum

186 4852 319 4924 basta.
372 4851 574 4950 Hrcppus
591 4861 757 4946 utraque
771 4849 1055 4954 manuferrum
1077 4850 1207 4922 bastae
1217 4852 1445 4945 corripiens,
1468 4851 1625 4944 deeflesat
1640 4865 1727 4922 eom
1744 4851 1803 4921 ita

148 5017 154 5020 ·
186 4997 231 5056 ut
246 4983 496 5062 manubrium
509 4987 779 5082 frangeretur.
835 4985 942 5058 tunc
958 4985 1107 5060 Olauus
1126 4985 1292 5075 infestus
1306 4983 1574 5077 iuHrappum
1593 4987 1649 5060 ire
1664 4999 1803 5082 perot,

1528 5117 1565 5190 N
1581 5142 1601 5190 a
