4272 5728
822 549 1027 672 Q

116 812 267 872 statem.
332 797 555 871 litorkillas
581 798 665 872 lroec
683 825 775 872 cero
793 800 1014 897 intelligens
1032 821 1207 874 reversus
1226 812 1294 887 est.
1352 801 1442 872 lam
1460 801 1507 874 cle
1526 802 1726 876 leorlcillc

112 931 243 1029 Eyolfl
248 929 341 1026 filio
358 937 648 1005 memorandam
654 986 667 1024 ,
696 959 780 1006 curn
804 933 1028 1029 Helgaselli
1045 899 1227 1028 nuptiale
1251 936 1466 1016 convivium
1495 937 1725 1030 celebravit5

113 1068 230 1138 multi
260 1067 313 1137 ibi
354 1081 622 1140 convenerant.
686 1071 875 1164 Vespere,
909 1092 993 1138 cnm
1013 1067 1181 1139 conoiooe
1203 1093 1344 1140 manas
1366 1069 1569 1157 lavarent,
1612 1073 1727 1141 Gan-

111 1223 239 1272 naras
282 1200 595 1272 leidrondicido
647 1227 731 1274 eam
766 1201 927 1276 coeteris
959 1213 1040 1272 tum
1080 1201 1280 1274 tnorkitto
1307 1202 1724 1298 aqvomministravit.

111 1333 414 1431 Capat'grandi
435 1337 542 1430 pileo
573 1336 782 1409 obtexerat.
848 1337 883 1406 T
880 1334 1072 1404 leorlillns
1091 1335 1217 1407 virum
1234 1359 1457 1429 cognoscere
1472 1348 1585 1406 ratos
1593 1385 1608 1422 ,
1641 1359 1725 1406 eum

104 1468 152 1538 de
170 1469 327 1550 nomine
341 1471 506 1563 rogavit.
561 1471 638 1540 Ille
671 1493 820 1558 nomen,
843 1469 942 1564 qvod
961 1469 1185 1541 conveniens
1202 1471 1421 1560 visumest,
1458 1469 1569 1539 liaud
1585 1492 1725 1558 verum,

105 1600 244 1671 edixit.
291 1601 528 1690 Tkorkillas,
547 1604 742 1674 Godrana
757 1603 865 1671 adse
883 1613 1035 1690 vocato,
1063 1602 1425 1698 Gannarcmjassit
1438 1603 1558 1688 abire,
1584 1627 1624 1671 se
1641 1625 1725 1672 cum

103 1759 148 1804 eo
164 1717 623 1806 simulcommoratarom
641 1759 799 1830 negans.
854 1735 1048 1804 Gadruna
1067 1736 1190 1806 dixit:
1214 1736 1249 1805 si
1262 1760 1325 1808 res
1347 1738 1535 1807 talimodo
1549 1759 1628 1804 sese
1645 1732 1725 1804 lia-

102 1865 226 1950 beret,
246 1867 282 1936 Τ
278 1866 448 1938 ltcrkillo
464 1895 544 1939 esse
563 1866 794 1953 abeundum,
813 1866 848 1936 si
866 1867 946 1960 ipsi
969 1867 1135 1956 luberet,
1161 1893 1229 1938 nec
1246 1868 1320 1938 sibi
1339 1869 1559 1962 displicere,
1585 1867 1620 1936 si
1639 1889 1724 1936 eum

99 1999 294 2070 maritum
314 2025 391 2071 non
410 1983 618 2072 sortiretur
625 2027 639 2091 ,·
666 2025 734 2072 nec
756 2013 863 2070 tcum
883 1999 1018 2095 inavit,
1043 1995 1263 2071 thalamum
1281 2001 1386 2070 tanti
1401 2001 1531 2090 facio,
1567 2012 1611 2070 ut
1632 2012 1723 2070 tru-

99 2130 488 2236 cidandumtrodem
509 2135 648 2220 virum,
675 2131 779 2231 qvem
798 2157 866 2228 ego
884 2144 1081 2205 servotum
1097 2135 1194 2206 volo.
1248 2134 1393 2206 Snorro
1407 2133 1588 2208 Antistes
1607 2133 1723 2204 Gud-

100 2288 221 2337 ranoe
246 2267 395 2338 amicus
422 2267 476 2337 ibi
503 2270 666 2362 aderat5
701 2266 805 2338 domi
836 2265 918 2336 illis
938 2280 1091 2361 praesto
1119 2279 1235 2337 erant
1261 2267 1339 2340 ciri
1362 2269 1411 2357 C‚·
1451 2293 1563 2364 qoam
1582 2266 1723 2338 obrem

13 2423 14 2426 ¹
103 2399 338 2469 Titorlsillas
348 2401 500 2473 nullom
511 2403 770 2474 conditionem
775 2401 872 2495 poci
874 2401 1072 2494 praetalit.
1099 2399 1252 2472 Deinde
1268 2398 1722 2472 litorkilli&Gudrunoe

96 2529 315 2604 celebrate
340 2536 503 2630 nuptiae.
574 2537 657 2607 Illo
682 2559 772 2608 vero
790 2535 982 2605 Gannoro
1005 2532 1346 2620 Titidrandicidoe,
1370 2533 1583 2622 adjuvante
1597 2533 1722 2602 Snor-

97 2687 204 2736 rone
221 2664 415 2756 antistite,
434 2683 686 2742 commeatum
703 2670 759 2740 ad
776 2679 927 2738 exteros
938 2666 1197 2761 procuravit,
1230 2690 1386 2762 eumqoe
1401 2667 1528 2737 malta
1553 2689 1638 2734 com
1666 2663 1721 2732 li-

97 2797 319 2868 beralitate
337 2800 499 2872 dimisit.
555 2803 771 2873 Gunncrus
788 2823 835 2870 ex
850 2798 1036 2870 Islandia
1046 2797 1251 2892 profectus
1266 2822 1461 2893 nunqnam
1476 2798 1605 2869 rediit.
1644 2796 1722 2867 Ille

96 2930 313 3002 Gudranae
325 2925 555 3020 Osvzfifllioe
572 2928 781 3021 splendida
792 2925 1347 3020 misitrnunera,Sveinlcioqoe
1360 2930 1552 3011 nuntium,
1563 2951 1720 3020 rogans,

72 3075 139 3136 ,ot
154 3060 219 3132 ad
234 3083 273 3129 se
291 3057 440 3130 veniret
445 3081 459 3146 ,·
488 3057 556 3127 ille
578 3082 667 3130 cero
687 3059 723 3130 ei
735 3056 859 3153 gessit
875 3079 1029 3128 morem.
1066 3057 1300 3162 'Gunnorns
1315 3059 1427 3129 illam
1443 3060 1593 3153 egregie
1610 3083 1722 3129 exee-

88 3196 185 3291 pit,
220 3186 629 3286 &'proestontissimis
653 3187 940 3262 conditionibus
968 3189 1186 3261 honoravit.
1252 3191 1294 3260 Is
1313 3192 1369 3260 acl
1396 3191 1576 3260 ultimam
1607 3215 1719 3287 usqve

93 3337 340 3400 senectutem
358 3323 400 3394 in
417 3323 612 3421 Noreegia
636 3323 751 3418 degit.
1368 3305 1371 3310 ¹

305 3457 369 3528 Sic
379 3458 542 3554 explicit
563 3459 666 3531 illud
683 3468 806 3556 caput
817 3455 1007 3550 historice,
1024 3457 1126 3554 qood
1137 3458 1184 3529 de
1200 3457 1384 3530 Gannari
1398 3458 1432 3531 T
1428 3456 1718 3534 hidrandicicloe

91 3595 219 3672 rebus
247 3591 334 3688 ogit
358 3592 490 3688 gestis.
