4256 5730
832 527 1092 654 “Q-⁴.

103 779 107 788 ’
132 781 681 881 tumnolrauclperventaram,
698 783 800 854 dixit
814 783 1056 871 leorleibus,
1070 808 1112 854 se
1122 783 1335 859 orientalia
1344 784 1514 882 regionis
1523 787 1638 860 adire
1650 789 1755 860 velle

129 941 330 1015 regemqve
350 910 523 990 Olavu'ni
540 917 770 992 convenire„
805 917 966 988 Bolliue
981 922 1205 1012 respondit:
1230 919 1340 992 baud
1353 921 1451 997 mibi
1469 923 1634 1004 multum
1648 923 1753 1016 pla-

126 1064 190 1140 cet
203 1052 432 1140 antumnali
451 1051 907 1146 temporezinteroppicla
929 1052 1091 1145 vagari,
1126 1053 1168 1122 it
1184 1054 1286 1126 enim
1304 1077 1452 1150 parum
1468 1055 1622 1126 videtur
1648 1057 1752 1125 citra

122 1185 346 1272 molestiam
366 1209 415 1258 ac
434 1185 748 1281 inqvietuclinern.
808 1185 890 1256 Hic
914 1184 956 1252 in
973 1183 1066 1254 urbe
1088 1210 1164 1280 per
1179 1187 1298 1264 istam
1321 1186 1494 1280 hyemem
1515 1189 1750 1277 commorari

124 1318 250 1404 lubet,
277 1343 370 1390 nam
387 1320 556 1390 relatum
575 1319 674 1392 milei
686 1331 763 1407 est,
798 1341 924 1412 regem
947 1341 1036 1398 vere
1053 1321 1399 1416 appropinquante
1413 1321 1590 1392 borealia
1614 1339 1748 1392 versus

122 1463 350 1546 venturum5
376 1452 437 1524 sin
451 1421 541 1524 vero
558 1451 669 1526 baud
681 1453 842 1537 venerit,
861 1451 974 1524 baud
994 1477 1064 1546 ego
1081 1451 1329 1538 dehortabor,
1355 1455 1527 1526 utillum
1545 1456 1758 1526 adeamus

120 1585 265 1658 Bollio'
277 1588 318 1658 in
338 1587 402 1658 bis
420 1585 727 1680 obtemperatum
743 1598 812 1658 est.
870 1587 1024 1660 Deinde
1047 1588 1177 1665 navim
1198 1611 1455 1684 exoneravere
1478 1599 1590 1683 atqve
1606 1588 1747 1682 bospi-

120 1721 223 1792 tium
239 1721 279 1794 in
295 1721 389 1794 urbe
400 1717 690 1816 comparavere.
744 1719 865 1792 Brevi
881 1733 1121 1816 compertum
1137 1732 1197 1792 est
1203 1772 1216 1806 ,
1242 1721 1421 1791 Bellium
1433 1745 1514 1793 esse
1532 1720 1746 1812 virumsa-

117 1877 226 1926 mam
238 1852 477 1949 affectanda
490 1853 664 1948 aliosqve
671 1854 930 1948 proecellendi
946 1854 1162 1924 studiosum
1170 1878 1238 1926 nec
1257 1855 1299 1924 in
1312 1879 1467 1924 cassum
1485 1854 1629 1926 recedit
1645 1853 1748 1924 illud

117 1989 316 2082 stadium3
347 1985 555 2079 munificus
574 1987 676 2058 e‘nim
699 1999 788 2058 erat
801 1985 935 2076 bomo,
962 1987 1142 2082 brevique
1155 1989 1196 2058 in
1217 1989 1425 2082 Norvagia
1439 1989 1607 2058 multam
1638 1983 1745 2056 obti-

118 2123 213 2194 nuit
228 2121 474 2216 dignitatem.
524 2120 684 2195 Bollius
697 2144 745 2194 ea
763 2121 898 2214 hyeme
917 2121 958 2190 in
976 2121 1237 2192 Trondlseimo
1255 2121 1331 2192 sibi
1347 2107 1575 2190 comitatum
1586 2143 1744 2190 assum·-

117 2255 174 2326 sit
193 2254 521 2351 sustentavitqve3
555 2249 593 2324 8<
618 2279 690 2350 qvo
718 2253 760 2324 in
778 2255 862 2325 loco
882 2253 1084 2350 symposia
1108 2253 1271 2344 adibat,
1311 2254 1422 2326 illius
1445 2253 1541 2338 socii
1566 2277 1609 2324 eo
1623 2252 1743 2343 suere

116 2389 343 2484 conspicui,
370 2389 472 2486 qvod
489 2401 612 2464 vestes
626 2412 675 2460 oc
692 2411 808 2462 orma
825 2387 955 2483 magis
972 2400 1088 2458 erant
1104 2387 1273 2480 nitentia
1290 2411 1404 2484 qvam
1419 2399 1647 2460 caterorum
1666 2409 1742 2480 op-

110 2523 373 2620 pidanorum.
443 2523 497 2598 Et
519 2523 671 2620 qviclem
695 2523 785 2612 ille,
831 2545 947 2618 qvam
975 2522 1186 2618 symposiis
1211 2521 1413 2628 interesset
1429 2546 1508 2616 pro
1540 2517 1743 2592 sodalibus

115 2679 270 2730 omnem
299 2653 517 2752 symbolam
536 2655 732 2747 solvebat3
771 2657 869 2730 talis
893 2651 932 2728 bc
957 2657 999 2728 in
1013 2656 1111 2726 aliis
1137 2654 1248 2726 illius
1261 2656 1351 2748 fuit
1377 2653 1668 2752 magnificentia
1694 2645 1742 2722 ac

78 2879 82 2888 p
112 2790 442 2890 magnanimitas.
493 2789 586 2862 lam
591 2789 752 2882 fratres
768 2815 815 2862 ea
835 2789 971 2887 leyeme
985 2791 1027 2862 in
1052 2788 1145 2862 urbe
1160 2787 1430 2862 morabantur.
1491 2789 1584 2862 Hac
1607 2789 1743 2883 hyeme

119 2930 274 3002 Olavus
290 2949 359 2998 ren
383 2925 425 2996 in
442 2925 630 2995 orientali
648 2925 865 3018 Norvagioe
874 2939 998 3018 parte
1014 2923 1296 3018 Sarpoburgioe
1311 2919 1506 2994 mansit&
1520 2923 1571 2993 ab
1594 2923 1742 2996 oriente

113 3059 348 3135 nuntiatum
363 3067 439 3145 est,
474 3078 602 3148 regem
615 3055 732 3125 baua
760 3055 850 3124 incle
874 3057 1132 3126 adventurum
1162 3079 1254 3126 esse.
1322 3057 1458 3127 Primo
1481 3078 1567 3128 vere
1582 3055 1742 3146 fratres

113 3192 256 3269 navim
270 3176 478 3286 paravere,
496 3188 683 3258 orientem
702 3209 835 3256 versus
852 3197 970 3258 terrac
987 3188 1155 3280 legentes
1173 3189 1324 3258 littora.
1377 3192 1575 3282 Prospero
1592 3191 1654 3259 usi
1669 3191 1742 3260 iti-

112 3351 211 3402 nere
229 3320 543 3418 Sarpoburgiam
554 3327 829 3414 pervenerunt,
855 3343 1053 3414 regemqve
1076 3321 1243 3406 Olavam
1261 3335 1476 3392 convenere.
1510 3322 1596 3390 Rex
1612 3322 1740 3392 Thor-

111 3463 280 3548 leibum,
323 3457 499 3528 aulicum
523 3477 657 3539 suum,
696 3453 874 3550 illiusqve
897 3425 1053 3524 comites
1084 3453 1311 3524 humaniter
1336 3452 1576 3548 excipiebat,
1625 3467 1742 3550 atqve

109 3595 257 3686 deinde
287 3615 371 3662 cum
396 3588 739 3684 interrogavisset,
784 3587 865 3684 qvis
891 3599 991 3658 esset.
1012 3588 1205 3662 militaris
1229 3587 1297 3658 ille
1317 3588 1399 3672 vir,
1432 3588 1497 3682 qvi
1515 3590 1597 3684 ejm
1617 3590 1740 3660 comi·-

110 3729 225 3806 tatui
250 3723 477 3820 adscriptus
501 3734 619 3812 esset,
650 3721 856 3817 respondit
876 3721 1125 3794 Tborleilcus:
1147 3722 1289 3814 frater
1310 3745 1416 3793 meus
1438 3723 1471 3791 is
1494 3733 1571 3808 est,
1603 3747 1740 3829 nomen

109 3867 179 3942 illi
200 3863 370 3936 Bollius.
430 3861 576 3930 Postea
597 3859 703 3930 Rea:
729 3859 843 3952 qvod,
877 3856 1018 3952 inqvit,
1045 3857 1087 3928 in
1110 3857 1238 3952 specie
1251 3857 1428 3954 positum
1442 3868 1519 3942 est,
1547 3856 1740 3928 bominem

108 3989 270 4075 indicat
287 3993 441 4066 virilem
449 4015 464 4084 ,·
483 3991 551 4060 ille
557 3989 764 4082 fratribus
781 3993 894 4086 apucl
910 4015 949 4062 se
965 3990 1106 4062 obtulit
1121 3990 1347 4087 hospitium.
1399 3991 1489 4063 Hoc
1512 3989 1575 4060 illi
1593 3977 1742 4085 gr'atiis

107 4131 221 4208 actis
235 4149 438 4219 accepere,
475 4148 524 4194 ac
538 4147 581 4196 eo
600 4147 689 4195 vere
705 4127 818 4218 apud
831 4149 957 4220 regem
972 4123 1246 4197 morabantur.
1308 4125 1394 4196 Rex
1426 4123 1631 4195 Tborleiko
1651 4125 1741 4218 jam

106 4274 296 4344 utantea
315 4259 466 4330 amicus
489 4259 656 4355 pidem,
692 4260 816 4330 multo
844 4271 975 4330 tomen
1002 4260 1188 4357 majorem
1210 4258 1347 4330 Ballio
1372 4255 1512 4328 babuit
1537 4241 1742 4340 bonorem5
1862 4257 1865 4264 '

108 4403 185 4496 ille
202 4395 305 4468 enim
324 4394 407 4490 regi
424 4393 529 4466 visus
544 4405 603 4464 est
616 4393 721 4464 alios
742 4396 909 4488 multum
927 4393 1102 4466 homines
1115 4395 1358 4467 antecellere.
1431 4393 1533 4465 Vere
1542 4391 1739 4486 proecipi-

107 4545 204 4609 tato
213 4529 373 4622 fratres
398 4529 446 4598 ele
458 4527 771 4623 profectionibus
786 4529 868 4598 suis
885 4528 990 4624 loqvi
1006 4553 1175 4624 coepere,
1202 4542 1351 4626 tumqve
1368 4526 1541 4625 qvaesivit
1561 4525 1742 4619 leorlei-

105 4673 208 4752 leus,
243 4685 298 4730 an
315 4660 477 4732 Bollius
495 4675 671 4756 repetere
699 4674 910 4768 eanoestate
936 4663 1181 4754 Islandiam,
1220 4689 1275 4735 an
1298 4664 1339 4734 in
1363 4658 1566 4753 Norvagia
1592 4655 1742 4728 diutius

106 4791 364 4880 commorari,
392 4793 522 4904 vellet.
575 4795 734 4868 Bollius
762 4797 988 4892 respondit:
1020 4809 1202 4870 neutrum
1225 4797 1325 4870 mibi
1349 4795 1500 4891 qvidem
1520 4790 1738 4884 proposuit

105 4929 216 5008 milri
235 4928 339 5000 enim
356 4932 486 5027 stetit,
515 4955 630 5030 qvam
649 4929 699 5003 ab
716 4931 901 5004 Islanciia
916 4927 1210 5026 proficiscerer,
1235 4930 1346 5004 haud
1355 4927 1462 5024 pati,
1489 4922 1564 4993 mei
1576 4923 1740 5016 samam

1474 5066 1546 5138 Rr
1613 5037 1618 5072 ¹
