4262 5722
114 753 278 826 aulicus.
334 749 561 850 Aliquando
587 776 671 822 cum
694 753 899 824 Mellaria
931 753 1099 857 Olanum
1118 752 1251 846 filium
1278 757 1535 849 convenisset,
1577 767 1731 834 cumea

110 859 243 957 locuta
260 897 335 974 est,
363 911 520 982 eumqve
533 884 771 978 hortabatur
786 899 830 956 ut
846 886 901 956 ad
916 883 1081 954 nobilem
1098 910 1209 954 suam
1226 888 1387 980 stirpem
1401 888 1728 986 visendampere-

103 1018 357 1113 grinaretar:
382 1015 466 1088 bac
482 1017 583 1088 enim
601 1041 713 1108 nera,
745 1019 889 1114 inqvit,
916 1015 1080 1111 affirma,
1097 1017 1147 1091 11
1140 1019 1421 1112 yrly'artanum
1437 1021 1641 1094 Hiberniae
1663 1049 1730 1098 re·

101 1171 191 1245 gem
206 1174 331 1223 meum
348 1162 616 1244 essepatrem,
662 1175 793 1223 aerum
813 1149 943 1243 facile
972 1149 1044 1220 tibi
1071 1151 1185 1220 navis
1204 1151 1421 1246 Bordeyrae
1443 1157 1726 1249 comparanda.

108 1285 261 1354 Olaaus
281 1281 561 1376 respondebat:
613 1285 659 1354 de
677 1285 739 1354 bis
760 1285 909 1379 qnidam
920 1294 1080 1377 patrem
1100 1283 1411 1374 allocutussum,
1446 1285 1725 1380 ipsoitaccon-

103 1415 239 1486 silium
253 1437 400 1510 parum
412 1414 631 1511 probante,
662 1411 699 1486 8<
718 1417 775 1486 ita
793 1440 887 1488 sane
903 1428 961 1485 est
974 1429 1170 1502 mearum,
1195 1416 1341 1511 meiqae
1362 1419 1584 1488 educatoris
1607 1443 1725 1514 opum

101 1547 297 1637 conditio,
330 1561 374 1620 ut
396 1549 525 1643 magis
546 1551 657 1644 agris
681 1544 718 1619 8(
742 1545 1272 1642 pecoribusconstentqvum
1291 1550 1501 1620 reconditis
1518 1551 1725 1622 islandicis
1756 1623 1758 1628 .

99 1679 301 1752 mercibus.
353 1679 558 1752 Mellaria
577 1683 699 1752 dixit:
730 1681 842 1751 baud
858 1681 996 1774 placet
1020 1693 1056 1750 te
1069 1681 1244 1774 amplius
1261 1682 1423 1752 ancillae
1439 1681 1729 1774 cocarifilium,

99 1812 209 1916 sique
226 1811 439 1883 bassalum
460 1813 595 1884 itineri
610 1813 731 1900 obest,
767 1813 1089 1908 quodpecuniam
1107 1813 1178 1882 tibi
1196 1816 1324 1884 deesse
1344 1817 1499 1903 credas,
1527 1828 1609 1885 turn
1627 1839 1724 1888 sana

97 1943 157 2012 ad
185 1943 417 2039 Tborbjbrni
440 1947 605 2039 nuptias
626 1971 685 2016 me
709 1947 932 2032 demittam,
972 1943 1007 2012 si
1032 1955 1068 2014 te
1088 1969 1131 2014 eo
1152 1917 1276 2038 pacto
1295 1948 1433 2039 potius
1445 1947 1722 2040 profecturum

97 2074 205 2162 scio,
240 2075 371 2168 utiqve
389 2077 490 2146 enim
513 2088 674 2146 autumo
697 2076 810 2146 illum
838 2087 992 2144 tantum
1017 2075 1199 2144 mercium
1216 2076 1451 2160 oblaturum,
1475 2053 1662 2171 qnantum
1679 2090 1746 2149 tu‘

97 2205 174 2276 tibi
188 2207 450 2276 necessarium
471 2208 727 2295 existimabis,
748 2207 783 2276 si
806 2205 869 2275 illi
885 2228 1030 2288 mecum
1057 2206 1349 2276 matrimonium
1379 2208 1490 2278 inire'
1513 2210 1719 2304 continget.
1828 2213 1832 2222 '

93 2339 190 2409 Hoc
211 2362 354 2434 qvoqve
369 2342 409 2408 in
425 2339 693 2410 emolumentis
712 2335 944 2424 babendum,
970 2337 1072 2432 qaod
1088 2335 1316 2406 Hbskuldas
1334 2350 1415 2408 tum
1431 2337 1583 2408 duabus
1601 2340 1720 2411 simul

92 2465 214 2540 rebus
231 2471 335 2540 nzale
346 2473 420 2542 erit
427 2435 646 2556 contemtus,
664 2463 793 2540 cum&
810 2482 847 2539 te
851 2491 1017 2566 peregre
1029 2469 1254 2563 profectum
1270 2481 1385 2565 atqve
1397 2483 1533 2542 memet
1551 2485 1719 2566 nuptam

91 2602 187 2676 viro
215 2605 434 2698 comperiet.
507 2605 614 2676 Tunc
648 2601 797 2675 Olaous
836 2601 920 2673 brec
950 2602 1081 2672 omnia
1113 2602 1154 2671 in
1181 2603 1325 2672 matris
1346 2615 1546 2698 potestate
1565 2605 1730 2700 sutura⁸

89 2734 326 2830 affirmavit.
377 2736 530 2810 Deinde
553 2737 702 2809 Olaaus
716 2759 802 2806 cum
823 2707 1060 2830 Tbbrbjbrrio
1079 2732 1308 2830 loquebatur
1323 2725 1718 2832 rogavitqveutmer-

90 2869 204 2939 cium
223 2868 335 2940 baud
358 2869 539 2966 exiguam
564 2870 719 2966 copiam
741 2867 817 2940 sibi
841 2881 1019 2942 mutuam
1039 2865 1246 2962 praeberet.
1306 2867 1569 2963 Titorbj'drnus
1598 2870 1718 2942 dixit:

88 2999 392 3094 Hacsanefiet,
430 3003 466 3071 si
482 3026 552 3096 ego
567 3002 814 3073 Meliorkam
832 3025 989 3071 uxorem
1006 2999 1225 3088 obtinuero,
1260 3001 1458 3070 tamenim
1477 3025 1584 3092 reor,
1610 3023 1718 3071 meas
1759 3005 1762 3014 ⁴

89 3154 195 3228 opes
208 3130 319 3202 baud
334 3157 440 3204 secus
457 3135 498 3205 in
514 3147 583 3204 tua
597 3145 797 3228 potestate
805 3133 908 3224 fore,
922 3154 1036 3227 qaam
1055 3130 1139 3200 ittae
1156 3143 1258 3216 stent,
1277 3155 1361 3228 qaae
1376 3144 1417 3202 tu
1434 3133 1517 3228 ipse
1524 3133 1717 3224 possides.

93 3265 254 3335 Oinous
267 3263 339 3336 boc
356 3279 438 3336 tum
457 3263 590 3337 ratum
598 3265 786 3357 futurum
800 3265 991 3352 asseruit,
1018 3262 1157 3332 deinde
1168 3255 1434 3358 pacta,''qvoe
1459 3264 1558 3356 ipsis
1577 3287 1719 3332 conoe-

87 3395 274 3487 niebant,
300 3397 403 3468 inter
417 3421 456 3467 se
476 3391 783 3492 composuerat&
797 3395 1040 3493 bacqvidem
1060 3391 1191 3464 omnia
1207 3404 1351 3463 secreto
1365 3415 1558 3487 peragere
1579 3391 1719 3487 placi-

89 3543 184 3602 tum
200 3541 270 3600 est.
347 3529 576 3604 Hisbuldu's
595 3531 763 3602 Olaaum
782 3526 959 3621 rogavit,
984 3537 1029 3596 ut
1054 3525 1110 3594 ad
1136 3523 1295 3593 comitia
1320 3524 1565 3624 universalia
1590 3542 1718 3593 secum

88 3663 294 3760 equitaret
304 3687 315 3758 ;
347 3667 498 3738 Olavus
519 3664 592 3738 isac
615 3662 690 3734 sibi
709 3685 786 3757 per
802 3657 1041 3753 familiaria
1064 3656 1221 3751 negotia
1253 3654 1370 3728 licere
1390 3657 1572 3750 negavit,
1620 3654 1720 3725 velle
1808 3734 1813 3742 .

87 3797 204 3866 enim
228 3821 269 3870 se
285 3799 341 3870 ad
354 3795 811 3894 ripamfluminis'Laxd
822 3816 979 3888 pascua
995 3789 1111 3886 agnis
1125 3789 1338 3860 instituere.
1398 3790 1490 3858 Hoc
1513 3787 1721 3858 Hdsbnlda

84 3926 266 4022 perbene
274 3931 453 4024 placuit,
487 3932 589 4025 qvod
593 3927 709 4022 filius
727 3930 785 3998 rei
790 3926 1001 4017 familiari
1017 3927 1077 3994 ita
1099 3922 1272 3994 intentus
1286 3933 1396 3992 esset.
1448 3921 1602 3992 Deinde
1626 3919 1719 4008 ῌὸ-
1822 4017 1831 4025 ·

85 4059 263 4131 sisuldus
284 4063 340 4128 ad
356 4062 513 4132 comitio
531 4083 625 4156 eqva
649 4071 799 4145 vectus,
834 4058 1018 4152 nuptiale
1038 4067 1170 4125 autem
1193 4053 1413 4126 convivium
1437 4047 1725 4124 Lambastadis

88 4188 395 4282 adornabatur,
406 4193 410 4204 '
422 4191 504 4262 solo
522 4193 649 4263 Olavo
664 4187 866 4283 nuptiales
880 4183 1039 4258 tabulas
1048 4183 1339 4282 praescribente.
1395 4180 1544 4256 Olaaus
1556 4181 1720 4254 abercta

87 4323 233 4396 XXX
260 4299 412 4394 centum
433 4319 664 4421 (Hundrnd)
685 4321 818 4418 pretia
841 4333 1068 4392 'constantes
1081 4331 1223 4388 merces
1242 4327 1382 4388 nattut'
1395 4329 1473 4406 est,
1499 4328 1596 4412 qv'at
1614 4331 1721 4385 nun-

87 4457 219 4553 quani
228 4459 401 4550 pecunia
420 4479 669 4529 remunerare
684 4452 898 4526 tenebatur.
950 4447 1110 4522 Bardas
1127 4449 1444 4557 Hbsbuldifilius
1457 4445 1635 4520 convivio
1653 4445 1720 4515 in-

87 4587 256 4681 terfuit,
272 4589 776 4688 fueratqaeltujusoansilii
780 4585 998 4682 particeps.
1036 4584 1173 4656 Soluto
1189 4595 1320 4654 autem
1334 4583 1530 4670 convivio,
1569 4579 1720 4650 Olaaus

87 4723 150 4792 ad
191 4721 325 4794 nanim
352 4745 446 4818 eqoo
474 4733 606 4796 vectus
623 4719 925 4820 gubernatorem
953 4715 1101 4788 Ornum
1125 4716 1305 4788 convenit
1327 4728 1444 4814 atque
1468 4711 1582 4817 apud
1605 4705 1720 4775 iilum

85 4866 356 4926 commeatum
392 4865 534 4927 nactus
560 4866 628 4928 est.
703 4837 893 4923 auserem
923 4847 1153 4956 Mellaria,
1182 4860 1391 4943 anteqram
1418 4869 1444 4916 a
1471 4841 1563 4936 filio
1590 4834 1762 4916 disce-‘t
