4274 5728
837 535 1051 698 2722-

131 777 634 871 proeotcntissimcozjbrmoe
654 775 824 854 muliera
885 778 1110 871 &ortanus
1133 779 1261 850 sorori
1294 779 1479 852 ΤΙιιιιιίΙιι
1505 779 1665 866 obtulit,
1685 791 1745 848 -ut

135 916 287 978 tantum
297 911 502 998 mercium,
529 923 711 1008 qnantum
728 911 807 1006 ipse
800 910 1010 1006 placeret,
1036 935 1161 982 secum
1174 911 1365 1016 auferret.
1412 913 1560 982 Eadem
1576 909 1745 1000 Hrefnoe

130 1061 157 1104 ιι
186 1039 311 1132 Kaisa
345 1039 480 1110 oblata
519 1044 699 1113 conditio.
777 1041 936 1134 Apertd
969 1053 1050 1110 tum
1061 1044 1221 1168 ‘K‘flsm
1252 1008 1398 1136 magnei
1431 1047 1600 1138 qvadam
1625 1041 1740 1122 arod,

130 1168 244 1238 illam
272 1165 453 1241 mulieres
478 1176 591 1243 adire
602 1173 749 1262 jussit.
823 1174 885 1242 Ea
918 1173 981 1241 die
1000 1145 1207 1265 procella
1210 1198 1301 1243 ιιιοι
1304 1187 1368 1242 ta
1328 1225 1365 1277 ,
1408 1172 1644 1267 Kjartanus
1654 1151 1740 1240 cum

126 1299 434 1394 sociisegressus
453 1307 509 1373 ad
528 1305 778 1399 religandam
795 1305 938 1376 navim.
960 1303 1104 1391 Qvod
1124 1285 1516 1400 qvumperfe'ci'ssent,
1532 1309 1587 1376 ad
1605 1302 1738 1373 taber·
1820 1339 1824 1345 ·

124 1431 271 1498 nacula
285 1433 448 1503 domum
473 1429 631 1506 rediere.
689 1437 865 1506 'I'hurida
883 1459 931 1504 ac
946 1435 1377 1532 Hresnapleroqoeex
1387 1461 1487 1508 arca
1503 1437 1735 1514 extulerant:

128 1547 234 1627 Tunc
269 1558 433 1654 Hrefna
450 1568 616 1659 peplum
642 1579 846 1660 arreptam
876 1567 1080 1661 explicuit,
1109 1579 1259 1662 tumqte
1279 1562 1603 1652 'intermulieres
1626 1565 1735 1638 ortuo

120 1713 265 1764 sermo:
285 1697 541 1772 manimeltoc
557 1711 643 1768 ‘esse
653 1699 884 1792 pretiosum.
959 1697 1119 1787 Hrefina
1150 1699 1270 1783 discit,
1310 1721 1350 1788 oe
1368 1699 1466 1772 velle
1489 1717 1533 1769 eo
1560 1687 1735 1798 obtegere¹

121 1837 263 1916 caput,
295 1829 404 1928 qvod*
416 1827 594 1900 Thurida
609 1829 888 1926 comprobavit,
914 1825 1053 1900 &tum
1073 1828 1221 1924 qoidem
1236 1829 1395 1918 Hrefna
1411 1830 1471 1898 ita
1480 1825 1595 1918 fecit.
1653 1817 1732 1927 Qec

119 1968 336 2048 conspecto,
347 1959 496 2050 Kalfus
511 1960 553 2028 id
568 1962 672 2030 male
696 1962 884 2030 accidisse
899 1959 1125 2054 affirmavit,
1152 1959 1256 2028 hanc
1273 1961 1374 2029 enim
1400 1928 1479 2030 ιιιιι
1496 1957 1621 2025 solam
1637 1972 1730 2030 esse,

117 2109 203 2178 qves
229 2086 305 2154 sibi
327 2088 439 2170 leand
461 2100 558 2157 esset
581 2111 666 2156 cum
683 2091 882 2180 Kjartano
910 2089 1130 2158 communis.
1182 2089 1235 2158 Et
1257 2082 1370 2184 qaum
1388 2076 1446 2157 ita
1463 2063 1728 2180 loqeerentur,

113 2215 340 2310 Kjartanus
367 2221 531 2290 intravit
555 2217 860 2288 tabernaculum.
911 2219 989 2290 Jtte
1012 2199 1222 2290 sermonem
1250 2221 1436 2288 audierat
1459 2217 1599 2309 sibiqae
1618 2208 1728 2280 illius

114 2347 329 2419 vindicavit
347 2361 523 2443 partem,
568 2375 717 2444 negans
740 2351 892 2446 aliqaid
915 2352 1102 2440 accidisse
1115 2333 1250 2422 maii.¹
1286 2351 1447 2440 Hrefna
1466 2346 1638 2418 consedit
1649 2363 1727 2436 pe-

110 2478 227 2569 plum
251 2479 383 2550 adlmc
402 2493 562 2574 gestans
591 2482 733 2575 capite.
800 2483 1025 2578 KJ'artanu's
1054 2483 1169 2552 iilam
1190 2482 1325 2566 sedulo
1351 2480 1638 2573 contemplatus
1663 2472 1722 2540 ita

113 2609 289 2681 locutus:
314 2609 405 2683 bene
421 2611 504 2700 tibi,
515 2612 697 2702 Hrefno!
717 2617 881 2707 peplum
897 2613 1051 2686 videtur
1068 2614 1282 2702 convenire,
1308 2612 1599 2708 idqeernaxime
1617 2613 1726 2676 com-³

111 2743 278 2838 modum
283 2742 469 2835 judico,
477 2755 522 2814 ut
549 2755 749 2841 utrumqne
768 2747 994 2840 possideam
1027 2740 1251 2840 &peplum
1275 2742 1313 2817 δι
1340 2746 1538 2854 virginem
1617 2737 1723 2806 Tunc

110 2873 212 2942 dixit
205 2873 410 2983 Hresna
435 2875 494 2944 ita
514 2877 721 2972 plerosque
744 2891 952 2948 autumare
967 2878 1099 2964 credo,
1142 2887 1180 2946 te
1206 2887 1286 2946 tam
1316 2879 1567 2946 citouxorem
1585 2869 1722 2972 ducere

110 2966 232 3135 nolte?
280 3029 349 3074 nec
374 3003 523 3073 alr'lzlta
545 3008 726 3090 muliere,
775 3032 886 3100 qoam
897 3020 1035 3102 petas,
1072 3006 1182 3091 ferre
1210 3005 1420 3097 repulsam.
1496 2963 1720 3096 Rjartarzus
1799 3027 1807 3048 ε

109 3107 229 3206 dixit:
255 3135 366 3205 haud
387 3135 523 3227 magni
529 3135 736 3221 interesse,
757 3159 873 3229 qvam
898 3141 1055 3206 nadrem
1081 3121 1389 3222 nancisceretur,
1435 3157 1474 3204 se
1497 3141 1628 3201 autem
1651 3127 1719 3195 ui-

107 3239 188 3336 lain
211 3239 282 3336 diu
306 3267 619 3358 exspectaturum
642 3265 811 3356 negavit.
863 3263 1024 3354 Hresna
1043 3277 1123 3333 tam
1140 3267 1343 3357 peplnme
1371 3263 1501 3354 capite
1521 3259 1717 3330 sublatam

105 3399 308 3492 Kjartam
335 3394 515 3463 tradidit.
576 3393 652 3464 Ille
681 3393 920 3467 condendum
949 3395 1113 3488 accepit.
1137 3393 1437 3466 ...autmundus
1464 3415 1512 3465 ac
1539 3387 1717 3473 Timo-‚ida

102 3529 349 3619 chcrtanum
366 3537 559 3620 rogarunt
565 3575 579 3611 ,
605 3537 649 3594 at
670 3549 716 3593 ea
733 3523 887 3641 hyeme,
917 3547 1050 3640 versus
1075 3523 1266 3596 borealem
1281 3503 1474 3618 regionem
1490 3519 1713 3616 profectus,

99 3679 249 3730 amicos
261 3659 462 3728 visitatum
471 3657 698 3730 conveniret
732 3657 956 3748 Ixjartanus
963 3655 1163 3756 proficisci
1175 3656 1372 3752 promisit.
1409 3655 1473 3728 Ka
1477 3653 1558 3746 jus
1567 3649 1713 3744 Asget

100 3815 136 3862 ιι
129 3771 272 3882 filius
303 3813 435 3862 versus
468 3788 662 3860 borealia'
669 3801 823 3859 secutus
840 3797 1010 3883 patrem.
1117 3787 1212 3859 .Ῑιιιιι“
1236 3786 1494 3879 Kjartanm
1492 3809 1541 3854 ac
1562 3785 1626 3854 Ka
1630 3781 1712 3872 fus

103 3942 249 3994 merces
271 3919 387 3992 inter'
391 3943 431 3992 se
453 3921 627 3991 divisere.
679 3919 834 3992 Divisio
858 3933 903 3990 ut
922 3921 1026 3992 inter
1049 3920 1195 3990 amicos
1212 3899 1295 3991 sine
1310 3919 1552 3990 contentione
1570 3909 1712 4006 sacta,

101 4053 328 4147 Kjartanu'o
348 4023 481 4124 versus
495 4051 746 4137 occidentem,
777 4051 834 4118 ad
846 4049 976 4132 Dalos
999 4075 1091 4127 cum
1101 4051 1301 4134 duodecim
1318 4051 1432 4120 sociis
1454 4073 1480 4120 a
1502 4069 1721 4140 natvm:

92 4189 242 4277 sectus,
259 4185 413 4264 domum
432 4173 891 4275 venitHjardarlooitum.
938 4183 1075 4262 Omnes
1094 4181 1204 4250 iltius
1220 4181 1349 4270 lcetati
1364 4183 1543 4276 adventu.
1583 4179 1710 4272 Kjar-
1813 4235 1823 4252 .

103 4331 225 4388 tanus
256 4313 307 4389 ab
331 4299 520 4415 australi
488 4312 672 4406 loparte
705 4333 749 4410 eo
790 4321 978 4380 autumno
1009 4335 1036 4382 a
1064 4312 1156 4388 aaei
1188 4335 1281 4406 opes
1314 4335 1407 4382 suas
1437 4309 1710 4406 asportandos

101 4449 268 4520 curavit.
355 4404 566 4545 Duodecim
605 4464 733 4537 οιιιιιιι
766 4441 863 4540 socii
893 4439 1150 4538 Hjardmiml
1150 4443 1182 4511 ti
1210 4467 1287 4540 per
1317 4444 1489 4537 hyemem
1521 4461 1706 4513 mansere.

103 4581 257 4650 Otavuo
280 4602 328 4648 ac
359 4577 524 4671 Osoifus,
550 4585 748 4662 mantea,
773 4573 950 4650 convivia
969 4571 1183 4644 instituere
1237 4575 1427 4648 Perdices
1448 4577 1538 4672 qual
1522 4573 1615 4644 libet
1629 4591 1705 4638 au

101 4725 239 4780 tumno
270 4733 296 4776 ιι
300 4711 373 4780 lter
395 4704 524 4777 aaz
478 4732 504 4776 a
508 4709 647 4776 lterum
679 4705 879 4779 invitatus.
961 4703 1154 4777 Gudruna
1186 4709 1242 4776 ad
1273 4707 1448 4780 Bellium
1480 4701 1704 4801 qaerebatar

100 4843 216 4912 iilam
242 4835 315 4905 sibi
340 4859 486 4930 parum
520 4861 612 4912 esra
636 4839 814 4912 retulisse
841 4839 889 4910 de
909 4839 1101 4935 &arteni
1127 4840 1265 4912 reditu.
1333 4835 1500 4911 Bellias
1529 4831 1629 4902 dicit
1663 4847 1703 4898 se
1731 4881 1736 4888 .

1413 4969 1455 5043 ,Β
1480 4970 1504 5040 b
