4262 5722
825 591 1039 704 Q

124 839 272 915 stodz're
298 835 475 937 jubebat.
515 827 709 910 Andura
736 831 850 927 fores
883 831 1051 923 intravit
1079 834 1331 930 pervenitqve
1363 837 1420 910 ad
1453 840 1592 911 lectum
1621 841 1741 912 illum

123 977 319 1062 clausum,
372 973 414 1046 in
446 993 515 1068 qvo
552 968 731 1044 tuorum
763 965 1019 1080 dormiebat,¹
1041 966 1174 1062 janua
1211 972 1360 1064 qvidem
1391 974 1502 1068 posti
1536 986 1625 1046 erat
1661 978 1740 1046 ad-

119 1121 252 1198 mota,
304 1106 371 1180 sed
409 1128 489 1212 non
514 1102 802 1212 obpessulgtffl·
843 1099 929 1203 'illa
962 1102 1019 1192 ad
1056 1101 1197 1172 lectum
1229 1104 1402 1199 propius
1439 1106 1621 1197 accessit,
1673 1109 1741 1184 sed

125 1241 307 1319 Tbordus
342 1238 552 1336 resupinus
585 1237 723 1335 qvievit
757 1259 900 1308 somno.
979 1234 1015 1306 T
1010 1259 1074 1305 um
1107 1233 1280 1308 Andura
1320 1237 1517 1312 Tborclum
1550 1265 1570 1310 e
1604 1263 1737 1310 somno

119 1373 323 1464 excitavit,
373 1373 442 1444 ille
455 1395 557 1484 vero
580 1369 622 1443 in
650 1372 758 1442 latus
784 1393 824 1439 se
848 1327 1110 1455 convertebat,
1157 1393 1242 1439 cum
1264 1369 1456 1441 bominem
1481 1373 1615 1446 adesse
1642 1397 1737 1444 con-

119 1505 328 1602 spexisset,
373 1517 453 1578 tum
475 1479 612 1578 stricto
634 1504 775 1601 gladio
795 1473 993 1573 ¹Tbordurn
1003 1499 1166 1592 sorevit,
1205 1503 1438 1600 multumque
1457 1505 1681 1576 vulneravit
1700 1500 1738 1575 8(

108 1641 270 1736 ferrum
293 1621 444 1736 qvidem
466 1621 645 1711 dextram
665 1637 850 1732 tetigerat
868 1647 983 1730 atqve
1003 1647 1203 1731 utramque
1221 1638 1499 1709 vulneraverat
1514 1635 1736 1726 mammam,

115 1773 472 1872 tantaqveserrum
487 1772 703 1868 impegerat
720 1769 771 1857 vi,
796 1782 841 1839 ut
862 1770 905 1839 in
928 1767 1025 1838 lecto
1048 1769 1206 1864 deniqve
1215 1765 1343 1862 fixum
1358 1783 1543 1842 maneret.
1582 1769 1736 1843 Deinde

114 1907 289 1984 Andura
307 1907 364 1978 ad
378 1928 510 2003 equum
526 1902 629 1976 abiit
643 1900 1035 1998 eumqveconscendit
1052 1912 1205 1994 tumqve
1219 1902 1407 1974 avolavit.
1451 1903 1737 1994 Hordus,curn
1804 1885 1808 1892 ’

114 2042 262 2112 vulnus
281 2037 442 2130 sentiret
456 2035 648 2146 prosilire
664 2035 807 2117 voluit,
839 2033 940 2104 vires
956 2043 1089 2102 autem
1112 2031 1176 2100 illi
1195 2033 1372 2122 defuere,
1397 2058 1490 2106 nam
1505 2033 1736 2128 profusione

112 2170 323 2284 sangoinis
346 2179 435 2238 erat
460 2163 701 2237 debilitatus.
752 2161 823 2236 Ad
843 2163 928 2234 ltaec
958 2161 1121 2255 Osvivus
1150 2187 1325 2238 esomno
1354 2166 1547 2237 excitatns
1578 2165 1735 2260 rogavit

110 2305 212 2400 qvid
226 2326 317 2375 novt
311 2263 567 2371 accidisset?
597 2267 776 2370 Tbordus
793 2319 834 2368 se
847 2289 1033 2366 nonniliil
1046 2295 1268 2366 sauciatum
1286 2297 1511 2391 affirmavit.
1568 2298 1733 2369 Osvivus

110 2457 284 2531 rogans,
310 2457 365 2504 an
387 2433 505 2504 sciret
528 2455 592 2526 qve
585 2429 729 2499 bomo
750 2427 863 2499 illum
881 2430 1046 2498 adortus
1052 2427 1205 2518 suerit
1231 2431 1401 2499 surrexit
1419 2431 1733 2524 vulneraqvee
1670 2429 1734 2498 illi

109 2561 322 2658 deligavit.
362 2563 539 2634 [lliordus
555 2561 629 2632 ltoc
641 2557 852 2633 Audnram
870 2584 950 2631 esse
967 2584 1047 2631 sese
1065 2560 1226 2654 opinari
1242 2559 1466 2654 affirmavit.
1510 2562 1672 2634 Osvivus
1694 2584 1734 2633 se

110 2695 231 2768 illam
246 2718 340 2788 eqvo
348 2693 532 2786 pereeqvi
550 2693 650 2764 velle
675 2692 893 2781 contendit,
928 2717 969 2764 se
989 2693 1091 2762 enim
1104 2689 1286 2764 Andura·
1300 2695 1539 2786 prasidium
1553 2693 1733 2789 'exiguum

109 2828 195 2920 reri
201 2877 222 2918 „
237 2825 368 2930 facile
384 2825 513 2920 itaqve
529 2826 586 2896 ad
602 2849 776 2921 poenam
797 2825 912 2896 illam
929 2825 1077 2897 adduci
1097 2849 1221 2919 posse.
1280 2825 1458 2898 Tleoudns
1480 2829 1590 2900 nullo
1609 2840 1733 2923 pacto

109 2961 174 3028 ita
189 2957 443 3048 faciendum,
470 2956 585 3026 illam
607 2959 710 3028 enim
726 2959 827 3050 qvod
844 2957 1038 3028 debuisset
1047 2957 1195 3046 fecisse
1211 2956 1434 3052 affirmavit.
1486 2959 1656 3033 Andura
1679 2961 1734 3032 ad

108 3103 246 3163 ortum
260 3088 355 3157 solis
372 3089 526 3156 domum
542 3088 660 3155 rediit
665 3111 682 3176 ς
695 3087 855 3176 fratres
867 3055 1073 3180 rogarunt,
1085 3089 1674 3181 qvoprofectaessetl‘Andura
1691 3115 1732 3163 se

105 3213 280 3315 langas
297 3217 443 3292 venisse
459 3217 617 3312 qvidqve
633 3217 722 3290 novi
745 3216 786 3286 in
812 3215 951 3287 itinere
971 3215 1180 3288 accidisset
1196 3219 1338 3289 docuit.
1389 3209 1461 3291 Illi
1465 3225 1625 3314 sactum
1637 3226 1730 3292 lau-

108 3355 225 3439 dare,
239 3353 351 3422 modo
371 3317 576 3434 timere,'ne
588 3345 777 3442 sufficiens
784 3347 919 3438 fuerit
937 3332 1104 3441 effectus.
1129 3349 1214 3419 Diu
1229 3349 1406 3419 Tltor'clus
1425 3338 1646 3422 vulneribus
1664 3353 1730 3423 in&

92 3559 95 3565 ,
95 3483 248 3580 firmus
258 3482 437 3556 decubuit
444 3473 482 3552 et'
483 3467 659 3576 pectoris
668 3480 814 3575 qvidem
825 3479 965 3550 vulnus
976 3489 1160 3553 sanatum
1170 3493 1238 3570 est,
1252 3495 1531 3553 manusautem
1541 3467 1730 3556 vulnera-

109 3629 153 3688 ta
175 3615 288 3692 leand
304 3637 399 3686 sane
411 3637 582 3712 vnqvam
597 3611 753 3684 omnino
772 3623 828 3682 est
839 3610 998 3702 resecta.
1011 3611 1096 3684 ,Per
1106 3609 1279 3706 hyemem
1296 3617 1574 3686 tamenomnia
1587 3619 1727 3712 quieta.

109 3749 154 3822 V
150 3770 217 3820 cre
230 3759 359 3820 autem
375 3746 547 3843 seqventi
560 3747 745 3842 Ingunna
761 3744 908 3816 Tleordi
919 3754 1047 3814 mater
1061 3743 1112 3814 ab
1122 3745 1350 3818 occidenteo
1360 3749 1635 3822 Skalmarneso
1650 3754 1729 3820 od-

104 3877 239 3972 venit3
265 3879 333 3950 ille
348 3891 512 3950 matrem
529 3879 652 3950 amice
666 3879 828 3972 excepit.
852 3877 936 3948 Illa
952 3903 992 3948 se
1013 3873 1160 3948 Tleordi
1168 3881 1410 3972 protectioni
1425 3907 1504 3953 sese
1516 3884 1612 3955 velle
1624 3876 1729 3952 com‘-

104 4012 269 4084 mittere
282 4007 545 4100 confirmavit3
570 4009 777 4078 Kotbelum
788 4008 862 4077 sibi
871 4008 1597 4107 rapinisacvenefioiisessemolestum,·
1624 3979 1730 4086 mul-

106 4149 342 4248 tumentem
350 4136 786 4229 HallsteiniPontistcis
799 4137 970 4208 subsidio
984 4139 1070 4206 niti.
1092 4139 1382 4214 Tliordusltonc
1392 4149 1526 4217 statim
1536 4114 1731 4244 suscipere

105 4293 309 4354 caussam,
335 4293 374 4340 se
391 4269 452 4340 vel
465 4268 944 4356 adversarioHollsteino,
964 4269 1060 4340 istos
1070 4271 1287 4368 furesjure
1303 4291 1569 4351 exsecuturum
1584 4283 1730 4377 confir-

104 4427 237 4493 mare,
251 4401 456 4496 statimque
469 4400 510 4470 in
520 4400 596 4470 iter
604 4425 644 4472 se
654 4401 761 4491 dare,
778 4401 847 4474 IX
855 4401 970 4471 sociis
980 4399 1267 4475 comitantibus.
1290 4408 1474 4502 Ingunna
1485 4437 1628 4510 qvoqve
1640 4439 1730 4487 ver-

104 4562 179 4611 sus
194 4533 603 4608 accidentemcumillo
610 4533 805 4630 prosecta.
823 4531 1013 4627 Scaphae
1026 4535 1612 4634 valdonesoprosectnsversns
1627 4546 1731 4614 occi-

104 4673 266 4759 dentem
278 4669 333 4738 ad
342 4667 658 4763 Slcalmarnequm
673 4689 828 4738 cursum
842 4665 1047 4762 dirigebat.
1067 4670 1247 4740 Thordus
1260 4677 1389 4746 omnia
1408 4690 1499 4747 ruta
1515 4698 1628 4760 occsa,
1646 4695 1739 4779 qvae¹

106 4801 165 4872 ibi
177 4812 307 4902 essent
320 4801 453 4885 matri,
471 4801 527 4870 ad
536 4798 667 4880 navim
675 4799 881 4892 deportari
886 4799 1062 4896 jubebat,
1078 4817 1258 4874 armenta
1268 4831 1355 4876 vero
1369 4806 1476 4874 intra
1491 4804 1646 4872 sinuum
1660 4827 1731 4870 ca-

100 4935 200 5030 pita
213 4930 332 5029 abigi.
351 4931 565 5010 Duodecim
575 4931 760 5005 mortales
771 4931 904 5005 navim
921 4934 1227 5032 conscendebant
1243 4936 1604 5030 iniisqveIngunna
1615 4928 1731 5006 &al-
