4282 5714
911 535 976 623 29

129 785 326 860 dalondia
335 807 522 882 egressus,
537 778 602 851 ubi
612 791 754 874 postea
770 778 1148 875 oppidumBjiirgyn
1164 781 1282 852 situm
1302 793 1371 868 est,
1389 783 1554 878 navique
1570 783 1754 858 subtrac-

128 934 173 994 to
194 921 340 992 multos
369 915 423 988 ibi
445 924 642 1010 cognatos·
657 913 748 982 licet
763 911 827 982 liic
845 937 923 984 non
951 914 1175 984 nominatos
1200 917 1389 986 convenit.
1459 917 1554 987 Tum
1573 919 1614 987 in
1631 920 1753 990 Vilia
1782 949 1785 955 ·

127 1077 196 1126 rex
210 1053 359 1124 Halon
373 1045 579 1122 residebat.
632 1021 864 1130 Hbsbuldus
882 1045 1088 1118 Habonem
1102 1071 1229 1144 regem
1242 1071 1321 1118 non
1341 1049 1532 1138 convenit,
1546 1063 1635 1120 erat
1651 1051 1754 1122 enim

122 1185 363 1285 propinquis
381 1203 620 1280 magnopere
646 1155 852 1277 acceptus.¹
902 1181 970 1252 Ito
989 1182 1146 1255 silentio
1172 1181 1276 1252 banc
1294 1180 1467 1276 hyemem
1484 1184 1689 1279 transegit.

831 1386 961 1476 CAP.
1012 1389 1120 1481 XII.

326 1545 457 1656 Initio
476 1581 629 1654 astatis
644 1581 688 1652 id
705 1605 816 1654 noeoe
834 1583 892 1653 rei
906 1583 1069 1674 occidit,
1106 1593 1150 1654 ut
1165 1607 1243 1673 rex,
1269 1581 1554 1678 expeditionem
1570 1587 1754 1659 navalem

129 1717 339 1794 instituens
361 1719 417 1790 ad
434 1729 663 1790 conventum
675 1715 945 1814 inBrenneyis
955 1715 1240 1807 celebrandum,
1260 1717 1446 1788 orientem
1464 1743 1609 1818 versus,
1622 1719 1754 1814 profi-

128 1855 350 1942 cisceretur,
361 1864 414 1924 ut
415 1845 564 1944 foedus
574 1872 654 1944 pro
666 1873 735 1920 suo
748 1873 867 1945 regno
881 1863 1101 1940 renovaret,
1118 1853 1220 1948 qvod
1231 1864 1313 1922 tum
1325 1851 1445 1959 tertia
1463 1853 1600 1950 qenais
1616 1865 1756 1924 oestote

125 1987 338 2058 secundum
347 1985 448 2078 leges
447 1981 584 2074 fiebat.
609 1983 691 2052 Hic
700 1996 910 2055 conventus
921 1984 1024 2054 inter
1029 1983 1235 2078 principes
1246 1984 1546 2054 constitutusod
1551 2009 1755 2080 peragen-

127 2122 204 2190 das
215 2141 289 2207 res,
310 2138 395 2210 qooe
404 2117 459 2184 ad
471 2137 604 2207 regum
609 2115 806 2208 judicium
809 2115 1083 2208 pertinebont3
1104 2115 1250 2185 huncce
1263 2127 1491 2186 conventum
1494 2117 1756 2210 frequentare

127 2249 266 2347 magni
271 2241 459 2344 gandii&
467 2245 739 2340 jucunditatis
757 2243 984 2334 ducebatur,
1006 2243 1171 2348 ibienim
1181 2215 1349 2342 undique
1365 2247 1757 2319 convenerebomines

128 2408 178 2460 ex
196 2379 372 2455 omnibus
384 2376 511 2471 ferme
524 2377 652 2467 terris,
670 2401 757 2476 qoae
766 2377 877 2448 nobis
894 2377 1363 2474 quidemcompertaesint.
1390 2379 1499 2452 Navi
1513 2381 1654 2452 eductu
1663 2383 1755 2453 Ho-

39 2614 42 2622 .
127 2517 292 2590 sisuldus
302 2514 646 2618 buncconventum
656 2509 854 2582 odiresibi
863 2513 1088 2606 proposuit,
1101 2512 1175 2582 illa
1190 2511 1292 2583 enim
1301 2510 1436 2606 hyeme
1446 2537 1572 2608 regem
1581 2519 1755 2588 nondum

129 2659 386 2738 convenerat,
413 2645 627 2740 ‘praterea
654 2645 774 2717 etiam
790 2644 1019 2716 commercio
1037 2645 1079 2716 in
1096 2645 1227 2720 eodem
1254 2660 1444 2718 conventu
1463 2622 1752 2720 exercebantur.

129 2782 257 2860 Multi
273 2781 328 2852 ibi
339 2781 552 2870 mortales,
578 2800 725 2876 magna
745 2778 890 2850 loetitio
900 2829 914 2865 ,
953 2779 1086 2850 einum
1112 2771 1149 2846 8<
1170 2777 1255 2846 ludi
1262 2777 1491 2876 frequentes
1496 2834 1509 2872 ,
1536 2793 1651 2878 atqve
1670 2809 1755 2854 om-

97 2899 103 2920 *
129 2918 194 2991 nis
205 2914 362 3011 generis
377 2915 584 3002 hilaritas,
605 2937 742 3007 pauca
759 2926 901 3000 tamen,
922 2937 1006 3008 qvoe
1025 2911 1221 2982 memoriae
1243 2914 1353 2982 tradi
1375 2930 1628 3008 mererentur,
1645 2919 1757 2987 occi-

128 3049 290 3124 debant.
339 3043 402 3118 Ibi
415 3045 646 3118 Hbslcaldus
659 3047 804 3116 multos
825 3045 1006 3116 convenit
1029 3057 1228 3138 cognatos,
1246 3047 1311 3142 qvi
1336 3045 1378 3116 in
1393 3047 1532 3120 Dania
1552 3050 1755 3146 degebant.

128 3183 211 3261 Die
240 3181 412 3279 qondam
449 3203 536 3252 cum
562 3179 795 3252 Hdslculclus
828 3177 983 3250 laetitiae
1017 3177 1190 3248 intentus
1218 3201 1304 3248 cum
1323 3183 1470 3274 paucio
1493 3186 1753 3278 egredeietarJ

128 3316 293 3412 seorsim
318 3339 346 3385 a
373 3313 526 3386 caterio
564 3309 852 3399 tabernaculis,
905 3309 1122 3402 speciosum
1143 3311 1345 3404 conspexit
1373 3315 1594 3384 tentorium.
1661 3317 1752 3388 He·-

130 3453 297 3526 slculdus
318 3469 362 3517 eo
376 3443 497 3540 flexit
519 3445 694 3539 gradum
722 3441 1004 3536 tentoriumqae
1030 3440 1220 3528 intravit,
1268 3441 1532 3541 hominemque
1553 3451 1755 3543 conspexit

131 3585 196 3660 cui
210 3582 380 3656 amictus
386 3577 611 3674 figuratus,
644 3575 838 3650 Russicus
869 3596 960 3646 vero
979 3574 1112 3668 pileus
1133 3585 1257 3668 caput
1281 3570 1470 3669 obtegens.
1523 3581 1755 3654 Hdsknldns

127 3713 328 3796 'bominem
356 3712 680 3808 nomenrogavit.
747 3711 826 3782 Ille
852 3731 944 3782 eero
969 3707 1137 3778 Gillium
1156 3707 1367 3778 Russicum
1383 3733 1464 3782 sese
1487 3717 1622 3786 vocari
1639 3716 1753 3812 offir-

131 3853 271 3928 moeit.
336 3847 588 3956 Hbsbuldus3
624 3843 735 3930 illius
753 3843 1034 3938 famarnsoepe
1063 3843 1120 3912 od
1143 3863 1238 3912 suos
1263 3865 1379 3914 cures
1398 3849 1626 3940 pervenisse
1650 3853 1753 3922 dixit

135 4009 294 4082 eumque
308 3979 648 4076 opulentissimum
669 3976 840 4048 omnium
861 3977 1063 4047 bominum
1088 3987 1349 4045 mercatorum
1365 4003 1445 4078 esse
1464 3986 1673 4075 contendit,
1695 3988 1755 4056 si-

135 4123 289 4215 mulque
309 4114 541 4187 Hbsbuldus
570 4111 737 4208 adjecit:
803 4113 908 4182 Num
926 4109 997 4180 tibi
1018 4131 1161 4178 merces
1185 4113 1341 4182 venales
1357 4125 1467 4204 sunt,
1495 4115 1629 4212 quibus
1647 4081 1758 4192 nobis
1805 4159 1807 4166 s

136 4252 309 4329 emendis
326 4273 427 4342 opus
441 4243 522 4316 sit?
550 4244 699 4316 Gillius
717 4265 808 4315 vero
828 4245 1000 4338 rogavit,
1031 4241 1167 4339 quibus
1185 4267 1285 4338 opus
1305 4259 1414 4314 esset.
1474 4250 1672 4323 Ho'sbuldi
1688 4281 1755 4326 so-

136 4388 249 4460 dales
263 4381 516 4480 respondere:
539 4377 1007 4473 ancillomemere‘cupit,
1033 4377 1144 4474 siqea
1166 4377 1237 4446 tibi
1257 4381 1411 4452 venalis
1429 4393 1498 4452 est.
1557 4386 1652 4457 Yam
1663 4391 1755 4460 Gir.

139 4523 238 4594 lius:
264 4517 390 4592 sentio
398 4539 466 4611 ego
483 4539 552 4588 eos
567 4511 665 4585 mint
676 4512 717 4584 in
727 4511 791 4584 bis
802 4511 1071 4608 difficultatem
1084 4524 1244 4600 struere,
1268 4513 1422 4609 qvodicl
1433 4519 1617 4590 mercium
1628 4545 1753 4615 genno

139 4679 166 4726 α
197 4679 258 4726 me
287 4647 509 4745 exposcotis
542 4671 709 4744 qvarum
738 4645 838 4716 milti
867 4647 1021 4718 nullom
1044 4646 1200 4742 copiam
1229 4669 1311 4716 esse
1336 4649 1579 4744 opinamini,
1620 4676 1753 4726 oerum

141 4801 272 4860 tomen
288 4786 400 4857 naua
412 4796 559 4855 certum
586 4794 645 4854 est
670 4781 727 4851 sic
750 4805 791 4852 se
813 4779 955 4852 babere
971 4805 1062 4853 rem.
1122 4781 1354 4852 Hbskuldus
1375 4757 1659 4856 animadveetit
1678 4813 1756 4884 per

141 4933 409 4996 transversum
442 4913 603 4994 tentorii
636 4913 832 5016 siparium
860 4913 1026 5010 obtendi,
1069 4911 1218 4988 Gillias
1249 4907 1339 4989 eero'
1357 4916 1553 5009 siparium
1576 4917 1759 5012 tollebat,-
