4272 5728
815 591 1035 716 Q.

119 851 334 924 instrueret.
394 837 651 920 Ddcen'etu'nt
676 842 784 934 dein,
824 843 885 939 qai
913 845 1019 915 litem
1044 869 1269 942 componere
1295 849 1537 922 studuerunt.
1609 852 1726 924 Dixit

115 1005 201 1058 vero
214 985 369 1075 Bergus
384 1003 423 1050 se
433 982 585 1052 nullam
611 981 795 1050 mulctam
812 977 1090 1072 pecuniariam
1115 1005 1194 1051 esse
1217 981 1494 1071 admissurum,
1531 951 1598 1054 nec
1616 961 1724 1056 litem

112 1139 228 1214 posse
247 1111 430 1206 transigi,
458 1111 537 1182 nisi
548 1113 693 1200 l'o'lrull,
714 1135 793 1208 pro
807 1133 913 1182 more
934 1109 1048 1180 istius
1067 1113 1217 1201 aetatis,
1258 1125 1335 1184 tres
1350 1116 1511 1208 cespites
1540 1118 1595 1186 ad
1610 1117 1722 1207 faci-

115 1271 187 1320 nus
212 1245 414 1340 indignum
434 1246 618 1316 luendum
633 1244 800 1329 subiret,
842 1223 1029 1338 atqbeita
1052 1242 1364 1318 humiliationem
1384 1250 1580 1342 proderet.
1639 1251 1721 1320 Re·

115 1379 276 1476 spondit
291 1377 427 1448 tokutt
440 1403 480 1448 se
491 1378 631 1472 potius
646 1379 703 1448 ad
719 1378 846 1449 malas
856 1374 991 1469 genios
1011 1374 1228 1462 abiturum,
1264 1403 1377 1473 qvam
1404 1381 1466 1450 illi
1488 1406 1630 1453 morem
1648 1404 1721 1477 ge-

116 1537 198 1586 rere
216 1511 326 1585 velle.
394 1510 647 1582 Tborsteinus
671 1532 759 1583 vero
776 1533 856 1580 rem
869 1510 1190 1603 perpendendam
1209 1534 1289 1581 esse
1306 1513 1486 1602 asseruit,
1512 1537 1621 1608 seque
1636 1537 1722 1583 ces-

110 1647 217 1742 pites
246 1643 465 1714 subiturum
483 1642 681 1738 promisit.
753 1643 804 1714 Id
826 1639 1071 1736 Bergusfisibi
1095 1641 1264 1736 sufficere
1287 1641 1398 1714 dixit.
1460 1645 1620 1716 Primus
1636 1668 1720 1716 ces-

108 1777 368 1875 peslzurneros
385 1777 535 1869 tetigit,
571 1779 676 1867 alter
693 1775 910 1870 cingulum,
946 1773 1085 1844 tertius
1113 1777 1168 1844 ad
1181 1775 1348 1846 medium
1364 1799 1481 1872 usqae
1485 1778 1622 1867 femur
1639 1780 1719 1849 ad-

102 1909 271 1982 scendit.
323 1907 431 1979 Dum
450 1908 484 1978 T
481 1907 702 1980 horsteinus
710 1906 885 2001 primum
902 1906 1084 2000 cespitem
1100 1903 1231 1988 subiit,
1253 1906 1337 1976 lroec
1356 1907 1472 1979 verbu
1495 1897 1720 1980 exciderunt

109 2047 260 2139 Bergo:
284 2041 375 2137 jam
394 2039 523 2112 virum
552 2040 655 2110 inter
684 2039 1001 2112 Vatnsdcelenses
1028 2037 1248 2130 principem
1273 2039 1354 2108 suis
1381 2039 1510 2110 instar
1532 2040 1717 2132 deprimo.

108 2179 201 2248 Non
219 2187 328 2246 tuum
343 2184 412 2262 est,
440 2171 562 2268 inquit
583 2173 847 2260 lliorsteinus,
875 2169 978 2239 talia
994 2165 1158 2263 effutire.
1215 2170 1298 2240 Hic
1317 2171 1473 2266 primus
1486 2172 1561 2242 erit
1581 2169 1716 2244 verbo-

107 2333 201 2394 rum!
214 2307 550 2398 tuorumsructus,
569 2305 670 2399 qvod
686 2327 764 2375 non
780 2303 920 2398 plures
938 2301 1102 2395 cespites
1120 2299 1287 2373 subeam.

305 2439 429 2510 Exeo
448 2437 736 2521 observatione,
775 2436 876 2532 quod
898 2433 1080 2527 cespitem
1105 2433 1234 2504 subire
1256 2435 1479 2530 ignominia
1495 2437 1716 2510 locatum:

103 2575 190 2647 rint
206 2569 377 2658 Islandi,
404 2569 599 2668 explicari
615 2581 747 2664 potest
761 2567 965 2639 dicterium
984 2565 1109 2655 istud,
1135 2567 1233 2662 qvod
1249 2567 1560 2662 Skarpbedinum
1577 2582 1715 2641 contra

102 2701 687 2796 blaptiumfflboroddifilium,
700 2701 918 2795 protulisse
932 2699 1249 2771 narratlsistaria
1259 2697 1440 2794 Niali*).·
1457 2703 1624 2787 ’'Servos,
1643 2701 1717 2790 ait,

103 2836 291 2934 quasdam
313 2834 444 2926 pretio
461 2831 687 2920 adduxisti,
720 2845 764 2904 ut
779 2831 960 2928 cespitem
976 2828 1200 2927 effoderent,
1222 2850 1329 2924 qvem
1347 2855 1431 2903 cum
1450 2833 1716 2928 surrepsisses,

104 2979 257 3040 noctem
278 2959 332 3030 ibi
348 2958 593 3052 transigebas
612 2958 733 3042 (sidon
749 2957 897 3050 keyptir
912 2959 1021 3063 snm
1034 2957 1189 3052 proclum
1201 2968 1236 3026 at
1254 2962 1344 3028 rista
1359 2985 1433 3054 upp
1449 2964 1462 3051 j
1471 2963 1720 3034 srdsrmea

103 3103 154 3172 ok
181 3095 305 3168 skreid
329 3092 382 3178 pis
409 3102 478 3176 pst·
499 3090 611 3159 undis
631 3114 691 3160 um
718 3089 910 3172 nbttins).'’
966 3089 1096 3158 Homo
1119 3087 1268 3158 scilicet
1288 3091 1538 3182 petulantior
1564 3093 1717 3185 carpsit

107 3227 373 3313 (lltoroddum,
398 3223 498 3318 qvod
518 3244 596 3291 non
612 3223 737 3291 solum
751 3220 926 3292 latebras
941 3219 1174 3316 qaoesieerit,
1209 3221 1279 3290 secl
1294 3245 1342 3292 ne
1366 3223 1512 3318 qvidem
1535 3223 1716 3319 cespitem

103 3365 238 3436 subire
254 3368 349 3444 (rem
367 3357 489 3451 igitur
500 3377 577 3450 per
595 3379 633 3424 se
650 3354 963 3448 ignominiosam)
969 3375 1060 3446 prae
1075 3363 1177 3420 metu
1200 3355 1450 3425 recusaverit.

337 3490 445 3560 Dum
470 3487 594 3582 igitur
618 3487 788 3567 fornices
812 3484 967 3580 cespitii
992 3485 1139 3578 saepius
1162 3483 1203 3554 in
1218 3485 1383 3554 comitiis
1406 3489 1716 3582 eustruebantur,¹

102 3643 222 3726 atqve
239 3619 495 3696 observabant
516 3619 672 3690 lelandi
689 3617 796 3702 istos,
809 3619 919 3688 nullo
935 3618 1068 3702 fulcro
1084 3627 1335 3704 sustentatos,
1353 3617 1548 3691 interdum
1569 3624 1716 3718 qeidem

102 3763 177 3832 boc
195 3759 259 3832 vel
282 3756 353 3824 illo
369 3752 552 3824 subeunte
567 3771 725 3822 manere
734 3748 893 3840 firmos,
921 3749 1116 3820 interdum
1138 3773 1224 3822 vero
1247 3749 1440 3822 levissimo
1457 3767 1565 3824 motu
1589 3766 1715 3825 tactos

102 3911 289 3964 corruere
301 3912 312 3976 3
326 3885 456 3976 facile
471 3885 583 3952 illum
598 3884 719 3952 ritum
737 3883 918 3974 cespitem
938 3880 1125 3952 subeundi
1143 3883 1199 3951 ad
1215 3881 1411 3953 ordalium
1429 3885 1621 3980 qooddam
1640 3885 1717 3958 sive

91 4021 296 4122 judicium
306 4017 478 4084 Deorum
498 4024 714 4082 convertere
723 4015 951 4106 potuerunt,
968 4013 1066 4106 qood
1078 4035 1124 4080 ex
1139 4011 1307 4082 bistoria
1325 4030 1461 4086 nostra
1479 4043 1523 4111 p.
1552 4021 1598 4088 58
1615 4018 1716 4108 fac-

96 4171 183 4226 tum
203 4147 332 4240 fuime
347 4143 602 4236 intelligimus
609 4166 623 4224 ;
643 4152 798 4210 constat
824 4140 925 4210 enim
946 4141 1046 4211 tales
1062 4143 1208 4236 saepius
1231 4145 1404 4216 actiones
1421 4171 1446 4216 a
1474 4149 1598 4220 variis
1617 4173 1719 4243 gen·

96 4287 207 4357 tibus
228 4272 626 4370 acl-lracprobationis
640 4294 764 4367 genus
784 4270 1001 4365 antiquitus
1011 4274 1142 4365 fuisse
1158 4273 1372 4366 adbibitus,
1388 4279 1429 4349 in
1447 4279 1579 4376 quibus
1594 4281 1719 4354 exitus

104 4433 191 4488 tam
209 4433 356 4504 anceps
371 4408 578 4496 videretur,
597 4385 641 4476 ut
661 4405 951 4497 totussortunoe
965 4418 1063 4477 esset
1083 4406 1354 4502 relinquendus
1370 4414 1438 4496 **).

105 4582 384 4607 Μ

152 4695 188 4766 ἢ
215 4681 317 4770 Sigen
339 4691 375 4752 sf
395 4690 484 4776 Nisili¹
500 4687 720 4768 porgeirssyui
741 4685 782 4749 ok
803 4707 915 4751 sonum
935 4683 1031 4765 hons3
1055 4689 1355 4770 Koupmsnnshsvfn
1377 4699 1477 4768 1772,
1498 4704 1553 4764 tto
1575 4715 1606 4774 p.
1631 4700 1683 4766 18.

137 4799 187 4881 '*)
213 4797 321 4858 Plura
344 4799 483 4876 exempla
502 4797 615 4854 talium
637 4795 829 4854 ordaliorum
845 4805 968 4854 exstant
984 4799 1020 4853 in
1038 4795 1276 4855 dissertatione:
1299 4795 1357 4855 ”on
1379 4793 1432 4856 the
1455 4799 1528 4858 trial
1552 4799 1596 4877 by
1612 4801 1720 4861 ordcsl

247 4897 361 4958 among
378 4879 431 4939 the
456 4877 580 4938 Hindus
605 4875 649 4954 hy
673 4876 727 4935 Ali
752 4875 889 4937 Ibrslsim
907 4875 998 4937 Khsn
1008 4921 1017 4953 ,
1043 4877 1129 4938 chief
1146 4880 1321 4956 magistrate
1339 4889 1369 4938 ct
1388 4878 1538 4941 Bensrss”
1557 4885 1592 4944 in
1610 4885 1720 4944 eoluc-

248 4961 331 5038 u'one
351 4965 403 5024 oui
420 4959 624 5022 inscribitur:
647 4955 766 5020 Asiatic
778 4957 958 5024 reseuches
974 4959 1039 5024 vol.
1058 4961 1085 5033 1,
1100 4979 1130 5041 p·
1150 4969 1231 5034 389,
1254 4963 1333 5036 392·
1379 4959 1421 5022 Ν·
1449 4975 1484 5034 1·
1510 4972 1544 5040 92
