4256 5730
859 529 1064 659 ..uu

144 787 405 880 paraverint,
430 785 705 858 talisconditio
717 779 1035 883 offeretur3&sic
1038 807 1163 882 porro
1177 785 1427 887 Thorgileus:
1450 789 1585 864 eadem
1602 791 1769 866 Lambio

148 919 320 990 conditio
346 919 422 989 erit
445 918 635 1014 eligenda.
700 919 955 998 Thorsteinus
980 919 1118 994 melius
1142 919 1218 992 sihi
1239 922 1613 1018 eidrriaffirmaoit‚
1637 926 1673 998 si
1699 927 1768 999 ille

148 1052 259 1122 haud
281 1055 387 1122 solus
418 1052 495 1122 ista
520 1055 676 1124 ratione
697 1063 951 1123 tractaretur.
1011 1053 1156 1126 Rostea
1171 1053 1400 1150 Thorgiisue
1423 1056 1632 1128 Lambium
1652 1059 1709 1128 ad
1726 1083 1766 1129 se

144 1184 318 1268 uocauit,
368 1184 640 1256 Thorsteinum
663 1207 827 1280 rogans,
865 1197 910 1255 ut
932 1207 1065 1256 eorum
1093 1186 1281 1282 colloquio
1315 1187 1524 1258 interesset.
1598 1188 1765 1283 Tumque

145 1317 269 1386 dixit:
293 1317 454 1388 eandem
472 1339 551 1386 rem
568 1341 637 1412 ego
657 1328 779 1389 tecum
794 1315 1098 1412 agam,Lambi!
1123 1341 1239 1414 qvam
1257 1320 1425 1416 egojam
1436 1342 1521 1390 cum
1536 1317 1763 1392 Thorsteino

142 1448 226 1542 egi:
261 1448 410 1546 qoalem
427 1448 587 1519 honoris
613 1449 897 1520 restitutionem
910 1448 1150 1542 Boiliifiiiis
1170 1449 1308 1546 offeres
1318 1475 1398 1548 pro
1424 1451 1508 1523 iliis
1526 1449 1762 1536 criminibus,

141 1605 228 1676 qva
246 1583 288 1651 in
303 1582 395 1652 illos
406 1580 644 1652 commisisti.
694 1579 784 1654 Hoc
797 1582 901 1653 enim
915 1605 1049 1656 esrum
1069 1581 1180 1652 nobis
1197 1583 1463 1674 relatumest,
1491 1597 1528 1656 te
1544 1583 1678 1654 Ballio
1698 1583 1763 1652 in-

128 1717 286 1806 festam
301 1737 462 1786 manum
481 1713 680 1801 intulisse,
707 1725 745 1785 et
763 1714 961 1809 duplicem
979 1716 1126 1812 quidem
1143 1711 1188 1786 ob
1205 1717 1419 1804 rationem,
1445 1718 1575 1788 noctu
1595 1717 1763 1786 multum

125 1872 281 1944 urgere
294 1847 474 1932 crimine,
498 1869 591 1918 narn
606 1840 645 1918 8<
658 1845 824 1919 multum
844 1846 1083 1920 adhortatus
1099 1870 1140 1918 es
1156 1849 1395 1922 adBotlium
1409 1843 1762 1943 interficiendum&

136 1981 215 2052 hoc
241 1983 287 2054 de
312 1993 348 2052 te
368 1981 497 2050 minus
519 1979 661 2050 mirum
676 1989 800 2072 qiam
823 1979 995 2068 coeteris,
1026 1979 1069 2068 si·
1083 1979 1316 2074 Olavifilios
1332 1981 1518 2075 excipias.
1569 1978 1760 2052 Lambius
1805 2002 1809 2012 ·

134 2115 297 2212 rogavit
316 2114 409 2210 qvid
423 2111 498 2183 sibi
509 2120 809 2206 proponeretur.
866 2110 901 2181 Τ
897 2108 1095 2204 borgilsus
1112 2112 1240 2216 dicit,¹
1251 2113 1413 2182 eandem
1427 2111 1491 2182 illi
1500 2112 1758 2183 conditionem

131 2276 185 2322 ac
208 2245 437 2322 Tborsteino
462 2242 637 2316 oblatam
648 2241 756 2334 fore,
780 2253 824 2312 ut
840 2239 932 2313 illos
937 2241 1098 2333 fratres
1117 2243 1380 2316 comitaretur.
1423 2243 1614 2316 Lambius
1632 2244 1755 2314 dixit:

132 2383 223 2453 hoec
249 2379 347 2452 mitti
372 2351 510 2474 iniquo
526 2375 680 2449 uidetur
706 2397 755 2446 ac
779 2373 994 2447 inhonesta
1005 2375 1125 2470 pacis
1147 2369 1386 2476 redemtio&
1402 2399 1497 2447 sane
1512 2374 1659 2448 inuitus
1676 2375 1757 2470 tale
1808 2385 1814 2398 '

131 2519 216 2585 iter
224 2510 467 2606 susceperim.
511 2505 1019 2612 uuncdixittumutnm:
1041 2506 1315 2580 naucnocerit
1325 2509 1572 2596 tutissimum,
1588 2503 1756 2580 Lumbi!

130 2649 198 2718 ita
218 2655 377 2739 repente
391 2640 587 2714 auxilium
602 2663 714 2713 suum
729 2641 941 2736 denegem
972 2639 1109 2735 magni
1130 2639 1232 2712 enirn
1248 2642 1324 2714 riri
1340 2638 1526 2714 &multoe
1544 2637 1755 2736 dignitatis

126 2773 255 2870 iz'irjus
271 2797 402 2848 causa
417 2784 510 2846 sunt
519 2771 764 2868 participes,
789 2795 829 2844 se
844 2782 976 2846 autern
990 2783 1222 2864 autumaret,
1257 2788 1322 2846 sat
1348 2775 1416 2846 diu
1444 2773 1631 2870 injuriam
1652 2793 1752 2866 per-

128 2911 287 2983 tulisse.
319 2905 525 2978 De'Bollii
539 2916 670 2976 autem
676 2903 780 2999 filiis
796 2903 896 2978 mint
911 2905 1084 2976 relatum
1101 2916 1171 2996 est,
1195 2929 1352 3005 magnae
1365 2903 1752 3002 speiillosesse.viros

125 3067 181 3115 ac
206 3039 418 3114 admodum
445 3035 705 3124 uehementem
737 3057 894 3128 magna
916 3047 1047 3120 autem
1074 3037 1203 3106 cladis
1227 3039 1404 3110 vindicta
1430 3037 1513 3106 illis
1535 3035 1749 3128 expetenda

108 3185 203 3248 est.
260 3175 341 3246 Nec
363 3169 480 3241 aliud
499 3167 650 3264 quidem
674 3165 913 3260 sperandum
941 3189 1054 3262 qvam
1079 3177 1125 3238 ut
1149 3162 1309 3264 aliquod
1334 3167 1614 3240 incommodum
1646 3163 1748 3235 talia

111 3307 318 3405 facinora
346 3301 608 3399 subsequatur.
665 3299 718 3373 Et
738 3298 836 3370 mini
852 3297 1002 3394 quidem
1019 3297 1092 3368 hoc
1106 3295 1273 3396 maxime
1286 3299 1382 3370 vitio
1398 3309 1569 3372 certetur
1581 3304 1749 3390 propter

120 3463 260 3516 meam
277 3461 362 3510 cum
373 3435 519 3530 Helgio
533 3431 766 3528 affinitatem
781 3425 821 3502 8(
839 3429 899 3500 ita
911 3429 1116 3526 plerosque
1129 3429 1354 3502 existimare
1371 3429 1516 3514 sentio,
1550 3427 1649 3524 qood
1665 3447 1750 3496 orn-

122 3578 199 3649 nia
215 3573 311 3647 aitoe
319 3565 590 3664 posthabeant
605 3558 643 3634 8<
660 3565 703 3657 id
716 3562 864 3659 qoidem
876 3561 1100 3656 periculum
1110 3563 1285 3658 primum
1293 3563 1626 3658 propulsandum,
1651 3557 1751 3655 quod

117 3709 395 3806 primumsess
404 3696 530 3796 offert.
554 3695 874 3769 Lambiusdixit:
898 3692 1287 3785 manifestumexlcis‚
1311 3693 1486 3790 qeoetibi,
1501 3691 1748 3764 Thorsteine!

118 3840 242 3914 cordi
268 3829 403 3908 sint&
428 3831 519 3904 bene
542 3828 746 3902 convenire
755 3827 916 3923 judico,
947 3834 993 3897 ut
1008 3823 1126 3918 liujus
1146 3824 1204 3896 rei
1229 3826 1301 3896 tibi
1318 3825 1528 3898 arbitrium
1544 3823 1615 3914 sit,
1640 3821 1676 3891 si
1690 3819 1748 3890 ita

122 3971 373 4046 tutissimum
392 3977 578 4037 autumas
583 3986 597 4052 ,·
651 3938 841 4031 diuenim
864 3970 1002 4030 nostra
1026 3958 1192 4033 societas
1212 3957 1324 4030 baud
1337 3959 1428 4051 suit
1450 3961 1532 4032 sine
1546 3955 1746 4054 pericul05
1791 4011 1795 4022 .

121 4111 167 4177 id
180 4127 280 4179 uero
297 4097 396 4174 miti
409 4095 652 4192 depaciscar,
679 4091 715 4162 si
732 4092 773 4163 in
789 4092 906 4186 hujus
919 4113 1049 4163 causae
1059 4102 1200 4186 partes
1214 4115 1365 4180 uenero,
1392 4093 1490 4190 qvod
1496 4086 1654 4184 cognati
1662 4084 1748 4167 mei,

124 4237 251 4312 Olavi
273 4233 350 4327 filii
359 4285 371 4322 ,
407 4229 524 4328 quieti
541 4249 590 4298 ac
608 4225 751 4297 intacti
766 4235 972 4312 maneant,
998 4223 1033 4293 si
1051 4223 1093 4294 in
1110 4223 1256 4319 Helgio
1273 4223 1449 4296 vindicta
1468 4223 1543 4295 erit
1553 4218 1746 4316 perfecta.

12 4383 15 4394 '
126 4369 369 4465 Thorgilsus
384 4363 457 4435 hoc
462 4361 646 4454 fratrum
663 4357 816 4428 nomine
830 4359 888 4429 ita
888 4357 1075 4450 futurum
1087 4325 1308 4451 affirmovit.
1360 4351 1746 4451 Ratumitaqoesac-

118 4519 223 4586 tum,
251 4495 566 4570 uttTirorsteinus
582 4517 630 4564 ac
643 4489 832 4564 Lembius
845 4489 1091 4585 Thorgiisum
1107 4489 1149 4562 in
1156 4489 1746 4586 hacecpeditioneseqoerentur,

118 4661 170 4708 ac
190 4637 301 4706 inter
316 4655 379 4704 eos
395 4628 668 4714 constitutum,
695 4637 739 4696 ut
756 4626 876 4696 tertia
894 4623 957 4695 die
973 4645 1088 4694 mane
1113 4623 1259 4720 Tungoe
1283 4624 1325 4694 in
1344 4599 1744 4697 Hordauato'conve-

121 4770 275 4840 nirent.
333 4766 477 4835 Postea
501 4760 728 4841 discessere,·
771 4757 998 4852 Tkorgilsus
1021 4780 1178 4852 vespere
1210 4757 1385 4852 Tungam
1408 4757 1562 4828 domum
1588 4745 1743 4840 equitat.

115 4905 294 4996 Jamque
313 4910 463 4990 tempus
479 4895 657 4988 elapsum
676 4891 858 4962 odiliam
877 4914 994 4986 usque
1006 4889 1164 4980 horam,
1191 4915 1285 4984 qvo,
1312 4899 1355 4956 ut
1375 4886 1455 4972 illi,
1482 4883 1543 4978 qvi
1559 4877 1743 4974 Thorgii-

1425 5017 1457 5087 L
1482 5017 1495 5088 l
1525 5038 1543 5086 2
