4282 5714
822 518 1026 642 *ss—

743 731 894 863 'ctn
937 774 1130 900 xvn.¹

318 931 396 1036 De
413 963 590 1062 Hrappo
604 977 880 1054 memoratum,
930 966 1030 1061 qvod
1057 965 1220 1060 illejam
1236 965 1305 1056 iis,
1333 965 1397 1062 qvi
1413 966 1569 1061 negotia
1588 968 1725 1064 aliqva

10 1157 11 1168 ,
119 1119 206 1167 cum
230 1119 274 1166 eo
296 1093 494 1182 baberent,
521 1097 690 1193 iniquior
699 1095 795 1189 fieri
813 1091 851 1167 8<
868 1097 1025 1166 accolas
1042 1098 1167 1174 tantis
1189 1097 1341 1192 afficere
1363 1099 1532 1191 injuriis,
1555 1111 1600 1168 nt
1622 1124 1725 1194 aegre

10 1211 11 1216 ἵ
118 1251 215 1296 suns
228 1251 290 1298 res
304 1228 354 1298 ab
369 1228 480 1298 illius
498 1228 729 1330 impotentia
746 1227 1143 1334 vindicorevalerenn
1194 1225 1409 1324 Post'qcom
1424 1231 1726 1302 Olocusaclole-

116 1358 195 1440 vit,
234 1359 434 1453 Hroppus
472 1382 670 1456 nunqcam
706 1371 847 1430 nactus
880 1372 938 1429 est
970 1361 1209 1432 occasionem
1241 1361 1437 1432 Tltordum
1465 1361 1724 1456 opprimendi.

114 1489 291 1583 Hrappo
313 1515 420 1560 mens
447 1492 598 1586 quidem
627 1490 834 1561 immutata
860 1493 928 1562 sed
958 1490 1077 1592 robur
1110 1493 1322 1580 minutum,
1365 1515 1458 1561 narn
1480 1493 1578 1562 acleo
1604 1515 1724 1587 urge-

115 1616 186 1688 bat
216 1633 388 1691 senectus
416 1633 461 1692 ut
494 1623 536 1692 in
566 1624 665 1693 lecto
691 1646 731 1691 se
762 1623 958 1694 continere
985 1636 1194 1717 cogeretur.
1265 1625 1361 1694 Tum
1392 1624 1592 1717 H'roppus
1622 1647 1723 1694 uxo-

10 1777 11 1782 *
108 1772 194 1820 rem
225 1751 268 1824 V
264 1751 434 1846 igdisarn
454 1757 510 1826 acl
528 1779 567 1826 se
583 1765 764 1828 vocatam
781 1753 839 1824 ita
859 1754 1151 1851 alloqvebatur:
1177 1778 1256 1824 non
1270 1735 1459 1826 liaetenus
1473 1777 1558 1822 cum
1578 1753 1723 1824 morbis

115 1905 198 1952 sum
243 1885 493 1978 conflictatus
539 1883 578 1960 8<
618 1885 945 1958 verisimillimum
993 1886 1148 1958 videtur
1190 1884 1295 1956 bunc
1326 1882 1501 1954 morbum
1547 1898 1724 1956 nostram

115 2017 427 2087 consvetudinem
451 2044 532 2090 esse
553 2019 826 2105 diremturum,
862 2041 994 2088 cerum
1025 2016 1180 2108 qvando
1208 2015 1308 2085 diem
1332 2015 1479 2103 obiero,
1500 2017 1662 2112 postulo
1678 2029 1723 2086 ut

113 2145 209 2212 milti
219 2145 302 2236 fiat
331 2148 553 2241 sepulerum
568 2149 609 2218 in
626 2147 788 2238 foribus
806 2148 949 2217 culinoe
975 2158 1089 2238 atqve
1113 2156 1157 2212 ut
1185 2157 1297 2214 stans
1324 2146 1364 2214 in
1391 2146 1473 2214 illis
1479 2144 1640 2236 foribus
1657 2170 1721 2215 se-

108 2275 262 2368 peliar,
303 2279 361 2348 ito
390 2279 492 2348 enirn
522 2279 622 2348 milri
644 2279 722 2348 erit
742 2276 914 2370 facilior
942 2274 1260 2345 habitaculorum
1290 2277 1508 2369 conspectio
1516 2301 1530 2366 ,·
1574 2281 1719 2369 postea

109 2407 310 2501 Hrappus
324 2411 509 2501 moritur,
536 2406 574 2482 8<
594 2409 724 2480 omnia
744 2408 802 2478 ita
823 2417 991 2500 peracta
1014 2405 1075 2476 uti
1093 2375 1411 2500 praescripserat,
1438 2431 1569 2478 verum
1590 2431 1720 2502 qvan-

10 2595 12 2632 s
110 2561 228 2634 qvam
242 2539 283 2608 in
301 2540 402 2612 vivis
417 2553 482 2610 sat
497 2541 651 2636 iniquus
670 2551 768 2612 esset
788 2539 884 2622 illis,
909 2537 973 2632 qvi
989 2538 1147 2633 negotio
1173 2562 1258 2608 oum
1277 2539 1348 2609 illo
1363 2537 1563 2627 baberent,
1589 2550 1719 2610 tomen

10 2677 11 2712 ³
105 2681 201 2764 post
219 2683 381 2744 mortem
395 2674 519 2743 multo
537 2673 747 2761 scelestior,
759 2695 852 2744 nam
858 2670 1050 2766 frequens
1064 2683 1159 2767 post
1173 2683 1334 2742 mortem
1348 2671 1555 2765 apparuit,
1575 2664 1613 2740 8<
1629 2671 1718 2766 qvi·

10 2879 11 2892 χ
111 2803 196 2871 dem
206 2801 351 2894 ferunt
379 2805 489 2875 illius
511 2830 645 2877 mones
663 2805 876 2876 maximam
902 2815 1059 2896 partem
1075 2802 1255 2894 familiae
1287 2800 1484 2871 occidisse.
1554 2805 1719 2874 Pleros-

10 2959 11 3014 ζ
111 2947 185 3027 que·
202 2933 428 3006 accolarum
462 2962 605 3034 qvoqve
641 2937 808 3007 multum
845 2933 1011 3007 vexavit.
1092 2933 1206 3006 Villa
1232 2933 1514 3028 Hrappstadis
1550 2935 1715 3003 deserta.

112 3065 154 3135 V
150 3064 280 3158 igdisa
304 3067 474 3162 Hroppi
494 3091 594 3140 uxor
618 3067 852 3138 occidentem
879 3087 1013 3135 versus
1036 3065 1092 3134 nd
1115 3065 1294 3156 fratrem
1320 3063 1592 3134 leorsteiuum
1614 3064 1715 3134 Sur-

110 3207 192 3264 tum
215 3197 402 3293 confugit.
463 3201 541 3272 Ille
564 3201 741 3271 Sororem
766 3219 852 3266 eum
875 3192 1012 3288 opibus
1033 3194 1192 3289 benigne
1211 3195 1372 3288 excepit.
1399 3171 1515 3265 'lam
1531 3195 1716 3290 homines,

108 3327 169 3397 uti
189 3339 335 3418 antea,
376 3333 432 3399 acl
454 3330 702 3401 Hosluldum
725 3327 891 3394 multum
907 3325 1121 3411 convenire,
1145 3318 1183 3394 8<
1205 3347 1279 3392 sua
1300 3324 1453 3419 qvisqce
1470 3323 1577 3417 queri
1593 3322 1715 3410 mala,

107 3459 243 3554 quibus
280 3484 305 3528 u
332 3461 509 3556 Hroppo
542 3469 795 3544 vexarentur,
844 3467 960 3550 atqve
984 3455 1231 3526 Hoskulclum
1259 3453 1456 3548 flagitare
1492 3453 1551 3522 nti
1581 3437 1714 3546 aliqbo

108 3591 270 3661 oonsilio
294 3591 386 3661 illos
410 3593 630 3688 adjuvaret.
687 3587 917 3660 Hbskulclus
942 3609 981 3655 se
1014 3587 1072 3654 ita
1095 3583 1301 3676 facturum
1327 3583 1535 3678 promisit,·
1578 3583 1716 3652 deinde

107 3745 193 3824 cum
207 3725 352 3816 paucis
371 3725 660 3820 Hrappstados
677 3717 960 3816 proficiscitur,
1001 3717 1291 3812 Hroppumqve
1319 3741 1340 3786 e
1367 3714 1546 3811 sepulcro
1575 3713 1663 3783 subl
1691 3755 1716 3770 -

109 3866 190 3925 tum
202 3904 214 3944 ,
243 3857 531 3950 deportandum
554 3855 711 3927 curavit
732 3853 774 3922 in
797 3853 924 3923 locum
951 3873 978 3918 a
996 3849 1162 3942 pascuis
1171 3870 1358 3942 pecorum
1380 3859 1496 3944 atqve
1514 3844 1716 3916 itineribus

105 3987 305 4058 bominum
326 3988 585 4074 remotiorem,
620 4009 692 4080 qvo
704 3979 1007 4075 sactoHrappi
1032 4003 1166 4050 mones
1194 3979 1328 4049 rarius
1348 3977 1453 4050 cisoe.
1518 3979 1717 4049 Sumarli-
1806 3985 1808 3990 '

106 4121 196 4189 dius
212 4118 381 4212 Hroppi
400 4117 511 4209 filius
528 4115 845 4213 patrismagnas
871 4125 987 4206 atqve
1015 4109 1246 4205 splendidos
1270 4134 1363 4203 opes
1393 4111 1610 4203 occupavit.
1662 4109 1716 4178 Et
1758 4204 1763 4216 .
1795 4195 1799 4204 Ι

105 4262 281 4347 sequente
305 4273 392 4322 vere
408 4248 673 4322 Sumarlidius
696 4267 775 4316 rem
798 4233 1047 4315 domesticam
1072 4235 1354 4338 Hrappstoclis
1380 4241 1610 4336 capessivit3
1644 4265 1715 4312 eu-

95 4383 167 4478 jus
182 4406 319 4454 curam
335 4406 409 4477 per
429 4383 609 4478 exiguum
634 4393 785 4472 tempus
806 4399 891 4447 oum
913 4375 1114 4469 gessisset,
1147 4375 1306 4444 insania
1324 4385 1537 4466 correptus,
1572 4375 1716 4469 paullo

99 4527 196 4608 post
229 4515 331 4586 diem
366 4515 481 4606 obiit,·
517 4517 608 4612 jam
647 4510 817 4607 Vigcliso
853 4505 1087 4579 Sumnrlidii
1127 4516 1255 4574 mater
1289 4505 1457 4576 istarum
1483 4531 1600 4600 opum
1631 4529 1716 4573 om-
1795 4525 1804 4542 ·

103 4645 213 4715 nium
239 4647 329 4736 jure
355 4648 500 4735 lraeres,
539 4641 1070 4741 agruerappstodensem
1089 4659 1279 4730 occupare
1303 4637 1441 4706 noluit.
1514 4632 1714 4706 Tlrorstei-

104 4801 180 4846 nns
218 4779 360 4856 Surtus
403 4780 533 4876 itaque
572 4777 676 4847 nanc
714 4795 860 4845 omnem
893 4767 1103 4872 pecuniam
1142 4769 1199 4838 acl
1236 4793 1276 4840 se
1312 4767 1521 4838 tutandam
1559 4758 1713 4851 recepit.
