4262 5722
836 478 1051 600 goo—

139 729 287 802 mosas
301 752 321 799 e
335 749 468 815 somno
487 723 700 812 excitatus,
735 724 913 800 mulieris
935 722 1067 796 adbuc
1084 726 1234 796 cultum
1259 733 1303 798 se'
1322 728 1544 825 conspicere
1560 733 1751 806 credebat.

133 863 288 960 Magna
308 861 435 950 Olavo
453 859 569 954 bajus
583 860 724 932 somnii
740 883 857 948 cura,
883 856 1022 943 amicis
1046 857 1150 930 illud
1163 861 1413 952 memorauit,
1447 889 1516 936 nco
1542 867 1661 938 talem
1685 869 1753 938 ul-

134 999 197 1068 lus
234 995 343 1088 illius
373 991 698 1090 significationem
738 990 968 1081 divinabat,
1019 1015 1107 1087 qvos
1144 991 1225 1088 ipsi
1256 994 1447 1088 placeret.
1521 999 1594 1069 Illi
1622 1011 1753 1074 tamen

134 1131 262 1203 Olane
287 1095 433 1224 optime
456 1126 561 1232 loqui
587 1125 684 1219 cisi,
717 1127 783 1224 qui
807 1125 1101 1214 contenderent,
1121 1109 1283 1220 fals'am
1301 1129 1442 1200 somnii
1464 1113 1672 1228 imaginem
1686 1133 1750 1206 illi

47 1285 51 1293 ·
129 1263 383 1357 apparuisse.

556 1385 559 1392 ’
683 1383 697 1574 J
753 1447 891 1570 oso:
922 1459 1122 1550 xxxo.
1193 1491 1196 1498 2

14 1763 16 1772 ‚
216 1700 219 1717 ·
331 1626 508 1754 Oscifm
525 1663 614 1733 er'at
628 1681 764 1732 nomen
778 1658 883 1743 viro,
910 1658 974 1729 illi
986 1659 1158 1752 Helgius
1166 1670 1305 1753 poter,
1330 1657 1422 1730 buis
1431 1671 1552 1755 pater
1571 1665 1749 1756 Ottarus,

126 1792 221 1868 buia
242 1795 394 1894 Bjiirno
412 1793 671 1880 Austranus,
699 1791 791 1864 leuia
813 1792 987 1864 Ketillus
1000 1791 1214 1883 Flutnesus
1234 1793 1447 1887 Bjiirnonis
1469 1795 1598 1866 Bnnae
1619 1793 1747 1888 filius.

131 1927 255 2024 Osvifi
270 1943 397 2000 mater
411 1940 499 2000 erat
512 1925 752 2020 Midbjlirga,
766 1926 876 2020 cujus
888 1937 1016 1994 mater
1031 1937 1120 1996 erat
1131 1915 1407 2017 Kadlinafilia
1418 1925 1748 2022 Gaungn-Hrolfi

124 2060 278 2160 (Hrolfi
294 2055 540 2152 Gradientis)
565 2056 679 2126 Onna
690 2095 714 2108 -
729 2055 906 2124 Tleoriris
915 2053 1011 2146 filii.
1062 2055 1144 2124 Hic
1165 2069 1253 2124 erat
1271 2057 1442 2128 illustris
1459 2060 1500 2128 in
1519 2060 1561 2130 V
1559 2058 1620 2128 ica
1635 2061 1747 2129 Her-

123 2218 258 2285 serus3
284 2194 358 2264 boc
372 2213 463 2263 cero
478 2209 685 2282 cognomen
704 2196 913 2278 acceperat
932 2183 1023 2279 qvia
1042 2185 1106 2254 illi
1121 2185 1194 2256 III
1208 2199 1323 2256 erant
1340 2187 1482 2258 insulae
1498 2201 1536 2259 et
1557 2189 1598 2258 in
1613 2191 1747 2285 quali-

122 2327 188 2398 bet
213 2325 346 2397 insula
373 2321 535 2392 LXXX
558 2317 677 2389 tauri.
750 2319 878 2387 Unam
898 2314 1043 2384 barum
1064 2317 1285 2388 insularum
1312 2331 1427 2414 atqve
1453 2320 1572 2390 simul
1596 2332 1745 2410 tauros,

122 2455 191 2551 qvi
215 2454 278 2522 illi
298 2454 467 2539 inerant,
505 2451 588 2544 regi
602 2448 762 2522 Haconi
781 2449 882 2518 dono
897 2445 1025 2537 declit,·
1051 2472 1197 2542 magna
1215 2449 1325 2519 illius
1341 2451 1434 2521 doni
1438 2451 1571 2542 sama.
1628 2454 1745 2525 Osci·
1788 2437 1793 2456 ¹

110 2587 193 2679 fus
218 2595 307 2655 erat
337 2583 400 2656 vir
425 2583 636 2652 admodum
659 2581 829 2674 sapiens.
886 2578 964 2649 Ille
986 2577 1140 2675 Laugis
1164 2577 1339 2675 (invilla
1362 2583 1536 2658 Tbermce
1558 2584 1680 2678 dicta)
1701 2586 1742 2656 in

121 2705 396 2812 Soelingsde'slo·
412 2710 591 2784 babebat.
647 2713 760 2786 Viuo
775 2712 928 2806 Laugoe
943 2709 1000 2780 ad
1013 2711 1311 2784 meridionalem
1325 2714 1457 2808 ripam
1462 2715 1646 2808 fluminis
1656 2719 1743 2788 Soe-

125 2849 353 2946 ling‘sdalsa
369 2849 606 2918 exadversus
626 2843 802 2940 Tangam
820 2844 900 2914 sita
918 2857 986 2914 est.
1048 2847 1154 2918 Uxor
1168 2859 1256 2918 erat
1276 2847 1412 2938 Occiso
1428 2847 1634 2934 Tborclisa,
1647 2849 1743 2942 filia

129 2979 327 3076 Tlijodolli
342 2979 447 3072 Lagi
464 2973 716 3072 (imprecari).
768 2977 868 3046 Filii
885 2975 1118 3048 illiserunt:
1138 2979 1296 3072 primus
1321 2980 1519 3074 Ospakus,
1552 2986 1743 3052 secundus

121 3111 319 3206 Helgius,
347 3111 486 3180 tertius
506 3107 771 3212 Vandradus,
796 3107 1187 3200 quartusTorradus,
1214 3109 1606 3204 quintusTborolfus,
1631 3139 1744 3185 mar-

124 3247 247 3318 tiales
265 3214 394 3312 omnes
409 3239 499 3312 ciri.
571 3239 767 3324 Gudruna
783 3249 872 3304 erat
888 3235 1073 3328 illisfilia
1084 3240 1425 3332 proestantissima
1444 3243 1585 3312 mulier
1604 3245 1743 3315 tamin

123 3373 315 3450 Islanclia
333 3343 655 3454 adolescentium,
694 3377 776 3435 tam
792 3363 1025 3457 obsormam
1042 3367 1495 3464 quamobprudentiam.
1549 3373 1743 3447 Gudruna

123 3517 217 3580 erat
236 3503 378 3576 mulier
400 3471 611 3600 admodum
632 3496 788 3568 urbana
818 3497 918 3567 adeo
941 3507 987 3566 ut
1014 3519 1058 3566 co
1086 3505 1258 3593 tempore
1280 3511 1511 3572 coetcrarum
1535 3505 1743 3580 mulierum

122 3637 296 3714 mundas
305 3657 385 3731 pro
403 3627 658 3726 infantilibus
672 3627 899 3724 crepundiis
914 3625 1223 3721 existimaretur,
1249 3653 1336 3703 cum
1352 3619 1462 3702 illius
1476 3637 1619 3706 mundo
1637 3661 1745 3711 com-

119 3781 324 3870 paratusg
373 3745 749 3840 callidissimo'eros
769 3761 843 3834 illa
867 3759 1029 3851 mulier,
1064 3783 1189 3834 sermo
1210 3775 1299 3836 era't
1317 3761 1492 3858 elegeon
1525 3791 1749 3882 magnaqoo

122 3900 407 3994 munificentia
429 3899 571 3991 inerat.
624 3897 727 3968 Erat
751 3896 864 3990 apud
888 3893 1067 3986 Occisum
1091 3893 1134 3964 in
1155 3894 1329 3990 bospitio
1350 3897 1493 3968 mulier
1524 3900 1746 3978 Tborlsalla

125 4034 285 4106 nomine
293 4080 305 4116 ‚
337 4028 561 4122 cognomine
572 4027 716 4120 Malga
734 4023 927 4122 (Loqcax)
945 4025 1020 4095 illa
1034 4038 1122 4094 erat
1136 4028 1272 4117 Osvifo
1285 4029 1533 4124 aliqoantum
1549 4057 1747 4134 consang·-

124 4167 259 4247 oinea.
283 4161 375 4233 Duo
392 4161 455 4230 illi
468 4158 691 4248 erantsilii,
705 4158 810 4228 alter
822 4158 967 4242 Odclus,
982 4157 1087 4226 alter
1104 4179 1194 4230 cero
1206 4157 1361 4227 §seinos
1378 4164 1616 4254 nomine,iili
1632 4185 1748 4244 erant

124 4277 220 4370 viri
241 4265 393 4366 strenui
423 4277 676 4385 maximeque¹
698 4287 826 4382 Occisi
845 4285 1098 4380 familiarem
1130 4311 1210 4358 rem
1239 4284 1525 4386 suffulciebant.
1600 4303 1747 4400 Tungoe

123 4431 194 4504 air
220 4423 430 4498 habitabat
457 4423 610 4496 nomine
629 4421 893 4517 Thurarinus,
924 4418 1394 4518 Thoris·Soelingisilius,
1430 4429 1590 4502 colonus
1609 4437 1747 4532 magni
1803 4511 1809 4518 ,
1849 4499 1853 4507 .

125 4547 408 4652 oestirnandus5
446 4555 691 4629 'Iborarinus
712 4567 801 4626 erat
819 4564 1156 4651 magnustaturoe
1174 4557 1254 4646 cir,
1290 4562 1558 4656 atquefortis5
1586 4566 1748 4656 fundus

127 4693 198 4764 illi
214 4691 376 4782 fertilis,
403 4689 532 4760 minus
557 4695 690 4758 autem
714 4700 802 4760 erat
825 4700 1004 4760 rutarum
1021 4709 1219 4762 esseorum.
1275 4693 1436 4784 Osvifiss
1450 4717 1591 4788 agrum
1605 4694 1744 4766 abillo

43 4907 47 4916 1
130 4845 259 4899 emere
276 4821 579 4915 cupiebat,'nam
599 4821 662 4890 illi
680 4822 815 4894 decrat
842 4845 938 4918 ager
956 4821 1031 4893 etsi
1042 4825 1197 4920 pecoris
1214 4849 1359 4922 magna
1374 4836 1462 4895 crat
1479 4824 1605 4918 copia.
1656 4827 1746 4902 Hoc

1477 4959 1550 5048 ΟΞ.
