4262 5722
146 801 295 872 Olaous
309 795 382 870 lcoc
387 797 496 893 juris
513 797 730 870 babendum
746 798 980 894 affirmavit,
1017 797 1052 866 si
1064 796 1345 869 mercatoribus
1362 798 1494 868 nullas
1516 811 1611 892 esset
1627 775 1754 868 inter-

137 955 252 1025 pres,·
278 955 346 1026 ego
362 955 452 1002 cero
467 932 540 1002 boc
557 931 663 1003 vobis
680 930 1023 1024 oerum-confirmo,
1059 932 1159 1024 qvod
1173 931 1215 1000 lzi
1239 915 1411 1000 homines
1438 931 1498 1000 nil
1509 929 1650 998 hostile
1667 955 1754 1000 mo-

114 1063 314 1152 liuntur,
359 1065 426 1132 sed
452 1075 581 1134 tamen
609 1064 718 1132 nullo
741 1064 860 1156 facto
895 1065 1037 1134 virium
1061 1063 1240 1157 periculo
1275 1088 1345 1133 nos
1382 1065 1518 1134 dedere
1541 1085 1687 1156 parum
1713 1063 1754 1132 in

140 1193 357 1264 animoest.
408 1195 578 1266 Hiberni
606 1207 687 1264 tum
708 1197 915 1268 classicum
939 1217 1097 1283 canere,
1135 1195 1176 1264 iu
1201 1221 1343 1291 aquam
1364 1196 1510 1290 egredi,
1547 1196 1752 1290 navimque

140 1348 226 1394 cum
234 1323 452 1396 bominibus
463 1327 671 1397 subducere
687 1329 806 1421 velle,
833 1355 900 1399 nec
921 1353 1024 1424 aqva
1040 1340 1128 1397 erat
1141 1329 1264 1398 altior
1282 1353 1396 1422 qvam
1413 1340 1456 1397 ut
1465 1339 1604 1421 pectus
1621 1326 1752 1396 attin·-

135 1469 246 1550 geret
258 1471 332 1526 aut
345 1458 568 1528 umbilicum
584 1459 888 1553 procerioribus,
915 1462 984 1529 see'l
998 1473 1230 1558 tamen-erat
1246 1462 1287 1530 in
1306 1487 1352 1532 ea
1369 1462 1526 1542 lacuna,
1555 1459 1618 1527 cui
1636 1458 1751 1528 navis

140 1589 365 1680 innatabat,
381 1613 485 1684 aqva
506 1604 587 1660 tam
602 1595 703 1679 alta,
718 1605 763 1660 ut
770 1594 947 1682 fundum
969 1593 1081 1663 lzaud
1088 1596 1311 1688 attingeret.
1352 1595 1450 1662 Tum
1466 1589 1751 1662 Olavussocios

135 1743 252 1792 arma
274 1722 454 1815 arripere
461 1699 628 1816 jubebat
646 1736 761 1818 atqve
777 1724 880 1794 inter
891 1723 1060 1816 proram
1077 1740 1114 1796 et
1127 1729 1300 1821 puppim
1326 1727 1424 1830 adeo
1446 1726 1607 1794 densam
1628 1721 1751 1790 aciem
1785 1703 1792 1710 ⁸

113 1853 336 1942 'instruxit
352 1866 396 1922 ut
413 1855 544 1932 omnia
563 1856 712 1949 clypeis
732 1853 999 1950 obtegerentur
1024 1871 1138 1954 atqve
1161 1860 1288 1929 lzastoe
1317 1859 1449 1951 cuspis
1471 1859 1526 1925 ad
1548 1849 1752 1945 cer'uslibet

134 1985 268 2080 clypei
286 1986 501 2078 marginem
512 1987 764 2079 promineret.
832 1989 927 2056 Tum
949 1990 1098 2060 Olavas
1126 1992 1167 2060 in
1188 2015 1355 2084 prorum
1382 1991 1439 2058 ita
1455 2000 1635 2064 armatus
1645 2009 1749 2078 pro-

125 2115 408 2210 grediebatur:
433 2117 558 2186 lorica
580 2130 667 2189 erat
691 2119 863 2206 indutus,
885 2121 1005 2212 galea
1026 2119 1371 2222 capiteobaurata,
1391 2121 1553 2212 gladius
1568 2115 1770 2186 inbalteo»
1876 2139 1879 2146 ’

129 2246 342 2318 manubrio
359 2261 517 2333 aurato,
543 2251 701 2320 bustam
728 2235 934 2320 bamatom
958 2251 1268 2338 manutenebat,
1305 2275 1388 2346 qvae
1411 2276 1431 2320 e
1458 2252 1606 2319 tumulo
1624 2273 1749 2345 qvon-

130 2379 229 2448 dam
231 2371 569 2470 fueratdesumta,
578 2383 757 2478 cujusque
768 2383 919 2452 lamina
933 2396 1020 2451 erat
1035 2381 1125 2452 bene
1141 2353 1358 2476 exsculpta,
1375 2383 1491 2453 rubro
1501 2407 1581 2451 sese
1597 2379 1749 2474 tegebat

129 2511 431 2602 clypeoourato
461 2515 569 2583 leone
593 2515 790 2584 distincto.
861 2517 943 2602 Qvo
967 2515 1071 2586 omni
1105 2519 1314 2608 apparatu
1345 2519 1541 2610 comperto
1576 2511 1748 2582 Hiberni

128 2641 273 2712 timore
287 2645 471 2737 correpti,
493 2670 571 2716 non
585 2649 683 2716 adeo
689 2645 859 2736 facilem
877 2646 931 2716 ibi
946 2673 1063 2742 opum
1079 2661 1300 2742 capturam,
1320 2649 1380 2717 uti
1393 2647 1550 2740 opinati
1563 2644 1746 2734 fuerant,

124 2775 212 2857 iam
222 2774 535 2867 arbitrabantur,
535 2781 696 2874 jamque
716 2779 868 2872 repulsi
883 2780 923 2849 in
938 2805 1047 2874 pago
1061 2783 1228 2876 qvodam
1244 2765 1592 2875 congregabantur.
1632 2873 1634 2879 Ι
1650 2777 1686 2846 Τ
1682 2801 1747 2845 am

127 2906 174 2975 in
198 2913 521 2982 eorumexercitu
549 2935 726 2983 murmur
749 2912 849 3012 oriri
880 2925 1097 3006 certumque
1124 2911 1279 3002 baberi,
1327 2914 1431 2982 lzanc
1452 2909 1745 3006 proedotoriam

123 3063 212 3108 esse
226 3043 360 3112 navim
374 3039 412 3114 8<
427 3047 550 3114 multo
563 3047 702 3138 plures
710 3049 853 3136 pbstea
871 3047 1155 3148 expectandos,
1179 3046 1341 3137 jamque
1358 3045 1441 3136 regi
1458 3045 1612 3130 mittere
1637 3063 1742 3109 nun-

125 3169 252 3264 tium,·
288 3171 586 3268 idqooclsacile
602 3175 738 3264 fiebat,
766 3197 935 3244 cumrea
956 3175 1067 3244 baud
1089 3155 1234 3268 procul
1257 3176 1345 3243 inde
1372 3173 1534 3260 abesset,
1562 3171 1743 3242 cerevisia

117 3303 394 3397 frequentans.
448 3309 523 3375 Ille
546 3308 681 3375 statim
706 3305 904 3373 bantinum
927 3307 1181 3404 multitudine
1206 3307 1380 3398 stipatus
1403 3307 1459 3372 ad
1484 3327 1568 3371 eum
1596 3303 1742 3388 locum,

122 3431 196 3503 ubi
211 3445 302 3502 erat
315 3437 441 3524 navis,
465 3461 642 3531 egressus
658 3447 727 3506 est.
780 3435 858 3506 Ille
877 3436 994 3524 locus,
1008 3436 1074 3506 ubi
1090 3436 1205 3507 navis
1223 3434 1403 3523 natabat,
1421 3435 1533 3504 baud
1546 3457 1641 3504 sane
1654 3443 1743 3502 erat

121 3566 286 3658 longius
302 3592 328 3636 a
345 3580 451 3638 terra
468 3581 638 3639 remotus
652 3592 767 3664 qvam
784 3569 844 3638 ita
859 3580 903 3637 ut
920 3567 984 3636 illi
1000 3569 1064 3662 qai
1080 3569 1121 3637 iu
1135 3580 1243 3636 terra
1260 3565 1519 3656 essentsacile
1534 3589 1619 3634 cum
1636 3588 1741 3634 naa-

121 3697 180 3766 tis
210 3697 316 3792 loqui
342 3713 516 3794 possent.
585 3701 698 3792 Saepe
721 3699 998 3770 Hiberniillos
1019 3699 1233 3780 missilibus
1262 3699 1438 3792 adgressi
1451 3697 1640 3787 fuerant,
1673 3719 1742 3768 neo
1774 3765 1778 3772 ,

123 3829 280 3900 Olaeus
296 3831 385 3904 inde
403 3834 530 3902 ullam
541 3845 750 3924 acceperat
765 3832 927 3900 cladem.
987 3832 1136 3903 Olavus
1155 3832 1214 3900 ita
1229 3843 1421 3918 armatus,
1438 3831 1497 3898 uti
1516 3831 1600 3920 jam
1617 3852 1741 3920 expo-

119 3961 289 4048 suimus,
313 3963 495 4054 astabat,
531 3963 643 4058 idqve
670 3961 995 4052 admirabantur,
1019 3987 1134 4057 qvam
1159 3975 1351 4057 augustus
1377 3973 1475 4039 esset
1503 3962 1571 4031 ille
1594 3962 1655 4032 vir
1676 3961 1740 4056 qvi

117 4091 245 4191 hujus
260 4095 376 4164 navis
389 4093 631 4188 gubernator
657 4105 764 4163 esset.
833 4095 951 4165 Olavi
974 4106 1104 4163 autem
1134 4097 1298 4188 rraoales
1325 4095 1438 4182 socii,
1482 4117 1567 4163 cum
1595 4093 1741 4162 multos

116 4223 272 4320 equites
298 4238 458 4320 aspecta
493 4250 587 4295 sane
602 4224 849 4317 fortissimos
874 4227 930 4294 ad
955 4250 995 4294 se
1024 4225 1112 4297 vett
1129 4210 1742 4314 animadverterent,conticuere,

113 4357 290 4428 multum
309 4360 412 4429 enim
438 4359 582 4431 virium
601 4359 808 4430 discrimen
836 4359 960 4428 visum
988 4369 1055 4426 est.
1115 4359 1200 4446 Qvo
1229 4359 1276 4428 de
1298 4381 1340 4427 re
1366 4359 1514 4430 Olavus
1539 4382 1624 4426 oum
1651 4377 1740 4425 suos

113 4489 332 4562 mussitare
352 4492 528 4576 audiret,
554 4487 652 4562 bono
670 4515 733 4561 eos
740 4489 906 4586 jubebat
924 4513 1005 4560 esse
1021 4489 1174 4578 animo,
1199 4490 1289 4583 jam
1303 4489 1404 4560 euim
1427 4514 1588 4560 suarum
1610 4509 1740 4558 reram

113 4622 259 4694 loetum
281 4649 362 4696 esse
385 4636 597 4719 aspectum.
654 4624 691 4694 Τ
686 4647 751 4692 um
765 4622 935 4717 Hiberni
950 4645 1076 4716 regern
1093 4643 1205 4690 suurn
1229 4622 1554 4716 Myrkjartanum
1578 4619 1739 4688 saluta-

116 4753 232 4826 bant.
310 4759 465 4829 Deinde
496 4756 639 4851 eqvites
672 4767 826 4826 tantum
858 4756 954 4827 nari
986 4754 1365 4848 appropinquabant
1393 4765 1438 4824 ut
1460 4753 1611 4843 utrique
1648 4765 1737 4812 suos

115 4887 293 4992 inoicem
310 4913 500 4964 sermones
509 4889 716 4984 percipere
738 4889 925 4962 valerent.
989 4887 1073 4958 Rex
1088 4887 1260 4980 rogavit:
1297 4885 1372 4972 Qvi
1396 4883 1507 4952 homo
1531 4881 1635 4950 lianc
1660 4899 1738 4947 na-
