4256 5730
820 507 1030 628 ‚ffl-

118 758 180 832 illi
189 758 229 828 in
243 755 474 828 viridarium
482 777 715 852 processere.
747 731 976 861 staldorus
987 766 1080 848 toga
1090 767 1192 842 suto,
1204 755 1325 847 longa
1338 756 1516 848 praedita
1516 757 1660 852 fibula,
1671 759 1733 830 uti

118 905 196 962 tum
214 892 381 960 multum
400 891 441 960 in
459 887 636 980 usujuit,
664 887 825 958 indutus
840 899 938 958 erat.
988 888 1199 958 Heldorus
1217 888 1259 956 in
1275 911 1373 980 agro
1391 891 1561 960 consedit
1573 886 1731 962 &uter-

116 1049 180 1120 qve
196 1035 450 1117 cognotorum
473 1021 537 1092 itti
552 1023 608 1090 ad
623 1046 734 1090 suum
753 1021 904 1115 qvisqve
925 1021 1033 1088 latus
1061 1015 1098 1091 8<
1120 1020 1161 1090 in
1184 1022 1271 1114 ipso
1282 1021 1375 1112 sere
1402 1035 1502 1116 tages
1532 1025 1733 1094 consedere

113 1155 215 1242 sinu,
229 1156 420 1228 Beinerus
436 1165 566 1224 autem
576 1153 822 1248 propinqous
837 1148 1027 1220 adstabat
1042 1176 1227 1247 magnam
1243 1178 1362 1224 manu
1380 1157 1544 1225 securim
1559 1169 1731 1250 gestans.

116 1286 224 1360 tuno
234 1261 335 1359 dixit
350 1285 380 1358 Τ
380 1287 619 1358 korsteinus:
645 1285 688 1356 ici
697 1285 795 1356 mini
805 1298 928 1356 tecum
942 1285 1089 1378 negotii
1099 1298 1167 1374 est,
1185 1288 1286 1381 qvod
1288 1288 1462 1377 fundum
1483 1313 1507 1357 a
1520 1303 1556 1360 te
1566 1311 1732 1359 coemere

112 1421 222 1507 eolo:
251 1419 368 1514 hujus
390 1420 645 1492 reihac'eice
670 1421 783 1488 eade
807 1442 929 1488 eausa
955 1419 1186 1488 mentionem
1199 1419 1336 1510 facio,
1371 1421 1469 1514 qvod
1504 1420 1733 1492 leorkeltus

103 1564 303 1646 'cognatus
325 1577 431 1622 meus
443 1554 533 1648 jam
553 1553 688 1638 adest,-
730 1552 802 1622 noc
830 1537 983 1646 utrique
1000 1562 1178 1622 nostrum
1208 1548 1300 1621 bene
1327 1552 1530 1624 convenire
1554 1553 1708 1624 videtur
1718 1573 1735 1639 ,··

112 1685 388 1756 relatumenim
397 1685 570 1779 mihiest,
581 1697 617 1756 te
631 1685 743 1756 rebus
752 1681 1094 1780 egeremobiiibus3
1108 1682 1244 1777 magni
1254 1707 1343 1754 vero
1350 1686 1474 1776 pretii
1487 1705 1733 1780 agrumpos-
1798 1737 1808 1751 .

111 1816 226 1887 sides.
276 1817 360 1912 Ego
380 1817 451 1888 tibi
470 1817 571 1888 dabo
593 1818 864 1891 babitaculum
878 1817 1094 1888 'honestum
1114 1827 1340 1910 tontumqoe
1368 1820 1518 1888 addam
1541 1813 1733 1910 pecunias,

111 1948 491 2044 orantuminternos
509 1953 742 2022 convenerit.
802 1950 1013 2032 Haldorus
1033 1949 1166 2044 primo
1193 1947 1384 2019 baudilii
1407 1948 1734 2019 muttumadeer-
1861 1985 1864 1992 .

109 2081 298 2165 sabatur,
322 2080 480 2175 jamqve
502 2081 678 2174 debuine
700 2082 846 2176 negotii
859 2081 992 2175 pactis
1016 2080 1085 2173 agi
1111 2103 1284 2172 coepere,
1324 2105 1506 2174 qvumqee
1521 2079 1732 2150 Hatdorus

107 2213 222 2283 baud
237 2212 392 2282 omnino
411 2211 494 2282 illis
508 2213 719 2284 adversari
733 2213 949 2300 videretur,
986 2213 1020 2282 T
1017 2211 1214 2282 bortellus
1234 2212 1291 2280 ad
1310 2233 1520 2282 sermonem
1537 2233 1669 2280 eorum
1695 2231 1734 2278 se

106 2345 311 2442 applicuit
327 2355 366 2415 et
377 2345 603 2438 pactionem
613 2348 668 2416 ad
678 2347 864 2442 tiqeidam
870 2346 1086 2452 perducere
1094 2344 1256 2414 studuit.
1317 2345 1347 2415 Τ
1348 2368 1423 2414 unc
1433 2345 1643 2415 Hatdorus
1653 2363 1734 2411 rem

107 2474 272 2572 differre
290 2479 446 2548 studere
461 2478 524 2548 itti
535 2501 622 2548 vero
633 2490 746 2550 tanto
755 2478 889 2548 acrius
899 2479 1048 2548 instare
1054 2502 1070 2568 ,·
1088 2501 1131 2547 eo
1148 2477 1475 2572 verodeniqeeres
1486 2478 1733 2560 deductorem,

107 2609 242 2682 atille
261 2621 374 2680 tanto
392 2609 632 2682 obstinacius
656 2587 1101 2706 adversareturqeonto
1118 2609 1182 2680 illi
1210 2609 1435 2684 insisterent
1461 2605 1732 2685 vehementius,

112 2743 143 2818 Τ
144 2765 221 2848 unc
230 2741 332 2814 dixit
344 2742 573 2816 Thorketlas
583 2771 597 2815 .·
621 2769 699 2814 non
720 2745 840 2832 eides,
872 2743 1099 2816 Thorsteine
1113 2742 1306 2837 cognate!
1333 2766 1402 2838 qvo
1422 2741 1506 2814 lroec
1522 2731 1737 2810 cedatres?

106 2877 318 2948 Haldorus
329 2899 405 2970 per
424 2849 547 2960 totam
560 2877 665 2948 diem
691 2877 795 2949 hane
820 2901 899 2956 rem
927 2874 1038 2958 nobie
1053 2847 1238 2964 distulit,
1269 2899 1348 2950 ,nos
1367 2899 1456 2946 oero
1479 2874 1593 2949 illius
1609 2892 1736 2966 nugas

108 3033 157 3078 ae
167 3005 460 3076 attestationem
470 3005 786 3100 exspectavimus.
812 3007 903 3072 Jom
915 3007 949 3072 si
955 2997 1131 3093 fundum
1139 3028 1260 3075 emere
1272 3003 1343 3071 tibi
1359 3004 1399 3070 in
1408 3004 1618 3083 animoest,
1630 3024 1736 3092 pro-

103 3140 204 3235 pius
217 3135 293 3206 erit
307 3135 577 3204 accedendum.
637 3132 891 3204 Thoreteinus
914 3147 996 3202 tum
1019 3135 1076 3202 rei
1094 3147 1273 3204 eventum
1290 3133 1390 3202 scire
1408 3130 1648 3226 postulavit
1666 3151 1738 3198 ro·

103 3261 854 3366 gavitqveutHatdorusltnudamplius
867 3258 1205 3334 dissimularet'an
1223 3263 1736 3353 ittejundumoetletvenum

110 3406 222 3474 dare.
252 3399 464 3471 Hatdorus
488 3396 707 3492 respondit:
719 3391 996 3488 haud-egoboc
1013 3395 1218 3464 celandum
1237 3395 1427 3484 existimo,
1445 3407 1483 3464 te
1493 3393 1564 3464 troo
1580 3413 1737 3484 vespere

110 3536 198 3632 sine
211 3541 433 3636 ¹agroernto
450 3530 869 3632 domums-eversurum.
928 3526 963 3598 Τ
960 3549 1035 3618 unc
1052 3526 1153 3598 dixit
1178 3522 1447 3620 Tleorsteinus:
1481 3547 1631 3618 necego
1645 3545 1735 3590 am-

108 3665 224 3762 plius
254 3659 728 3763 differendumfexistimo,
764 3661 807 3732 id
831 3661 930 3756 qood
955 3659 1207 3728 constitutum
1230 3668 1289 3726 est
1306 3656 1509 3754 proloqui:
1542 3679 1634 3726 nam
1661 3649 1735 3726 tibi
1844 3715 1849 3722 .

111 3785 206 3869 surit
222 3797 313 3868 duoe
331 3779 570 3867 conditiones
597 3794 807 3866 destinato:
829 3789 868 3865 ἃ
892 3793 993 3864 enim
1014 3803 1187 3886 propter
1209 3789 1353 3862 virium
1379 3787 1588 3858 discrimen
1619 3784 1737 3878 hujus

112 3931 173 4002 rei
190 3925 429 4024 potestatem
450 3952 572 4020 penes
601 3951 671 3998 nos
697 3953 776 4000 esse
796 3914 1068 4016 arbitramur:
1102 3923 1232 3994 attera
1263 3921 1435 3993 conditio
1463 3919 1536 3990 illa
1564 3928 1641 4002 est,
1676 3912 1737 3984 uti

113 4063 312 4134 honorem
327 4057 501 4127 lubenter
510 4054 707 4151 perficias,
734 4072 982 4157 nostramque
999 4057 1216 4128 amicitiam
1235 4055 1474 4148 adipiscare,
1501 4051 1632 4120 attera
1648 4068 1737 4119 cero

112 4191 241 4264 multo
264 4189 458 4262 deterior:
489 4199 534 4260 ut
549 4201 707 4260 coactus
723 4204 911 4284 porrecta
940 4215 1063 4262 manu
1087 4187 1186 4262 mibi
1201 4187 1377 4280 jundum
1392 4180 1737 4278 Hjardortrolten-

114 4347 196 4400 sem
212 4323 364 4396 tradas.
428 4320 623 4418 Qewnqee
652 4322 906 4397 Thorsteinue
930 4333 1084 4394 tantam
1103 4317 1229 4393 verbis
1242 4318 1462 4409 minitaret,
1480 4315 1607 4388 subito
1625 4311 1738 4384 Hat-

113 4461 238 4544 dorus
255 4451 426 4530 surrexit
446 4465 558 4526 tanto
574 4479 660 4528 cum
680 4455 848 4552 impetu,
882 4467 1044 4550 uttogoe
1067 4451 1192 4546 fibula
1212 4452 1520 4559 dirumperetur·
1552 4449 1610 4518 ita
1628 4447 1739 4518 locu·

115 4603 203 4661 tue:
228 4588 323 4662 atiae
343 4611 405 4659 res
415 4589 534 4684 prius
548 4588 723 4663 evenient
739 4613 850 4684 qoam
866 4615 935 4686 ego
957 4589 1003 4658 id
1015 4587 1255 4684 proloquar,
1290 4587 1389 4684 qood
1405 4583 1503 4654 mini
1516 4579 1627 4652 naut
1636 4575 1736 4670 pta·

114 4713 218 4791 seat.
280 4719 370 4806 Qeoe
395 4717 503 4788 tum?
527 4722 995 4814 qeaerebatThorsteinus.
1047 4719 1257 4790 Hatdorus
1272 4715 1496 4812 respondit:
1519 4707 1630 4779 nscia
1655 4696 1739 4789 tibi,

112 4846 268 4926 bomini
278 4849 463 4945 pessimo,
490 4853 617 4948 capiti
633 4853 752 4950 infixa
763 4850 926 4926 lzaerebit
942 4863 1055 4950 atqve
1065 4852 1123 4924 ita
1138 4847 1361 4925 exturbabit
1380 4841 1606 4919 violentiam
1628 4847 1739 4908 tuam

1437 4977 1462 5048 S
1480 4999 1496 5047 s
1517 4997 1538 5046 o
