4280 5726
676 554 684 594 :
809 577 814 582 .
914 510 1005 594 151
1176 543 1199 590 c

154 762 369 852 inbuiteo,
402 763 553 836 scutum
569 761 626 832 ad
646 759 777 848 latus,
804 779 948 854 corpus
971 756 1098 830 lorica
1120 759 1412 834 circumdatum.
1466 761 1625 850 Hrutus
1641 763 1762 840 dicit:

149 895 279 974 Attae
300 893 400 968 milei
418 917 516 994 sans
525 893 882 998 potius‘agendum
901 890 1096 982 existimo,
1132 915 1244 988 qoam
1258 892 1539 966 Kambsnesum
1550 874 1760 990 proficisci,

144 1029 266 1126 pedes
281 1027 383 1102 enim
388 1025 480 1123 jam
490 1025 593 1098 enini
604 1023 709 1118 liunt
721 1023 943 1122 graviores,
974 1046 1106 1132 verum
1127 1036 1257 1096 tamen
1272 1023 1383 1096 haud
1404 1026 1565 1120 patiar,
1595 1039 1639 1098 ut
1657 1026 1758 1100 hona

154 1160 352 1234 Thorleili
367 1160 603 1256 rapiantur,
635 1157 672 1229 si
697 1160 754 1233 ad
774 1159 878 1230 illud
894 1157 1144 1270 avertendum
1169 1157 1311 1232 virium
1335 1159 1435 1229 satis
1452 1160 1524 1248 sit,
1564 1159 1638 1230 etsi
1662 1183 1759 1230 con·

147 1291 430 1387 sanguinitatis
450 1315 562 1362 amor
576 1316 636 1364 me
653 1291 756 1363 inter
776 1302 888 1385 atqve
908 1287 1154 1362 Thorleikum
1170 1289 1282 1362 haud
1299 1289 1464 1360 multum
1482 1289 1628 1384 quidem
1642 1293 1757 1366 calet.

146 1421 376 1521 Eldgrim'u's
396 1421 519 1494 dixit:
558 1415 754 1519 Numqvid
769 1415 869 1492 milti
884 1443 995 1520 equos
1011 1423 1183 1493 adimere
1202 1423 1243 1494 in
1266 1422 1397 1493 animo
1415 1420 1496 1494 est?
1520 1423 1676 1495 Hrutus
1693 1447 1758 1495 rs-

144 1558 327 1655 spondit:
357 1553 568 1634 Aliostibi
591 1579 701 1652 equos
725 1555 800 1626 etsi
824 1552 935 1625 ltaud
954 1553 1105 1649 quidem
1131 1555 1230 1626 adeo
1245 1567 1486 1649 proectantes
1503 1554 1563 1626 uti
1581 1553 1649 1624 isti
1665 1566 1757 1626 sunt

143 1689 217 1763 tibi
233 1688 408 1780 donabo,
433 1701 480 1761 ut
495 1689 592 1760 istos
607 1711 717 1785 equos
734 1679 924 1760 remittas.
974 1686 1203 1782 Eldgrimus
1226 1685 1349 1758 dixit:
1397 1685 1505 1758 Bens
1521 1686 1668 1783 quidem
1691 1687 1755 1758 lo-

141 1843 273 1921 quere,
299 1821 453 1896 Hrutel
482 1843 614 1896 oerum
637 1831 875 1892 tamencum
890 1820 980 1912 jam
1010 1819 1208 1892 Harleili
1225 1841 1335 1915 eqcos
1355 1819 1524 1913 adeptas
1542 1819 1635 1906 sim,
1662 1818 1755 1895 illos

141 1951 241 2024 milii
269 1974 338 2022 nec
366 1955 650 2050 corrumpendo
674 1976 742 2024 nec
765 1951 989 2024 minitando
1012 1949 1257 2046 extorquebis.
1323 1951 1428 2022 tunc
1455 1951 1556 2024 dixit
1576 1952 1755 2024 Hrutus:

141 2082 234 2188 dam
250 2081 399 2179 quidem
414 2095 451 2154 te
472 2106 560 2155 reor
575 2083 690 2154 illam
708 2083 967 2159 conditionem
991 2082 1152 2178 eligere,
1198 2103 1279 2176 qva
1304 2083 1453 2176 utriqoe
1475 2095 1651 2153 nostrum
1673 2083 1753 2154 mi-

142 2238 218 2287 nus
234 2213 439 2286 conveniet.
483 2215 580 2286 tum
593 2213 822 2308 Eldgrimus
839 2213 1034 2283 discedere
1048 2212 1146 2282 celle
1162 2179 1511 2307 equumqve'citare.
1561 2215 1643 2302 Qvo
1659 2239 1754 2286 con-

142 2357 293 2442 specto,
324 2345 482 2416 Hrutus
505 2341 666 2414 sublata
687 2341 815 2414 securi
840 2344 939 2414 adeo
959 2342 1206 2437 Eldgrimum
1233 2343 1335 2412 inter
1357 2345 1546 2436 scapulas
1563 2345 1684 2436 seriit
1709 2359 1754 2416 ut

141 2476 264 2571 ruptd
282 2476 429 2570 qcidem
447 2473 572 2546 loricd
581 2473 726 2546 securis
734 2497 811 2570 per
814 2485 956 2568 peones
971 2473 1139 2545 bominis
1154 2473 1287 2546 exiret.
1346 2475 1441 2546 Tum
1455 2475 1682 2571 Eldgrimus
1703 2475 1753 2550 ab

140 2631 235 2704 equo
260 2619 436 2676 mortuus
458 2605 613 2695 cecidit,
651 2628 720 2678 nec
745 2605 849 2675 illud
874 2605 1017 2676 mirum
1041 2605 1199 2700 quidem.
1263 2605 1418 2676 Deinde
1435 2605 1593 2678 Hrutus
1610 2632 1752 2705 corpus

141 2737 308 2812 bominis
326 2736 469 2831 obtegit
474 2760 490 2828 ,·
510 2749 655 2831 postea
672 2735 756 2806 loco
768 2734 1057 2830 Eldgrimslsolt
1075 2713 1288 2830 (Eldgrimi
1302 2733 1524 2832 colliculus)
1541 2745 1698 2828 nomen',
1724 2763 1750 2812 a

141 2869 391 2942 meridionali
408 2865 640 2940 Kambenesi
654 2877 788 2960 parte.
826 2866 925 2940 Mox
940 2867 1099 2938 Hrutus
1113 2867 1393 2940 Kambsnesum
1409 2893 1499 2966 equo
1521 2883 1661 2962 vectus,
1688 2873 1751 2944 illi

141 3001 351 3100 qooefacta
367 3011 493 3068 essent
505 2998 743 3068 memoravit.
775 2998 1004 3070 Thorleileas
1018 3009 1149 3069 autem
1165 2999 1227 3067 ira
1238 2996 1518 3092 effervescebat,
1536 3026 1750 3102 magnaqce

140 3119 219 3205 isac
228 3155 270 3202 re
278 3155 318 3200 sc
326 3125 541 3224 ignominia
550 3120 912 3222 affectumrebatur.
925 3125 1084 3196 Hrutus
1094 3150 1133 3196 se
1143 3151 1327 3222 magnum
1337 3131 1401 3200 illi
1414 3130 1629 3204 exhibuisse
1645 3137 1751 3206 ami-

141 3261 247 3334 ctttoe
264 3263 530 3333 documentum
555 3248 732 3327 credidit.
789 3257 1015 3326 Tborle'ile'us
1041 3267 1242 3351 utrumqoe
1263 3271 1410 3329 certum
1433 3283 1513 3330 esse
1541 3265 1750 3354 contendit,

141 3391 297 3488 &qvae
317 3390 386 3461 aa
409 3389 519 3460 aaa
535 3387 900 3480 seete-mecona
918 3359 957 3456 a
973 3385 1073 3480 qvos
1090 3385 1153 3456 eoi
1167 3387 1547 3481 eaueeonasueura
1562 3405 1662 3465 see
1683 3419 1749 3466 re-

140 3521 372 3598 muneratio.
421 3519 580 3590 Hrutus
605 3519 720 3589 illam
741 3518 783 3588 in
808 3518 891 3613 ejus
909 3527 1110 3612 potestate
1119 3516 1308 3608 futuram
1330 3519 1592 3613 confirmauit,
1633 3528 1748 3598 nulla

142 3680 227 3743 oum
251 3651 431 3727 amicitia
453 3652 584 3748 itaque
609 3646 867 3720 discedebant.
930 3647 1090 3720 Hrutus
1116 3662 1205 3720 erat
1233 3653 1431 3746 octoginta
1461 3677 1588 3726 annos
1618 3669 1748 3747 natas,

141 3811 227 3865 cam
240 3783 487 3884 Eldgrimum
504 3781 722 3874 occidisse,-
746 3777 992 3878 multuchs
1008 3780 1084 3852 leac
1101 3804 1143 3886 re
1151 3793 1265 3878 gesta
1284 3782 1395 3854 illius
1413 3786 1590 3860 adaucta
1603 3787 1747 3884 gloria.

15 3907 18 3914 “
110 3890 348 3992 'moilatio
372 3916 483 3988 baud
502 3916 626 3988 cisum
652 3923 764 3982 tanto
788 3911 926 3983 melius
946 3912 1074 3984 Hruti
1099 3913 1294 4004 meritum,
1334 3901 1480 4012 quanto
1503 3919 1566 3989 illi
1584 3917 1629 3992 ob
1646 3920 1749 3992 hanc

142 4073 222 4121 rem
233 4059 387 4142 gestam
400 4047 527 4138 major
542 4041 738 4114 attributa
751 4041 841 4132 suit
859 4043 949 4112 laus
956 4066 971 4130 ,·
999 4042 1042 4112 id
1058 4041 1131 4112 sibi
1146 4045 1245 4112 satis
1261 4060 1499 4140 compertum
1514 4009 1750 4146 autumavit,
1801 4019 1811 4034 ι

141 4179 240 4279 qood
254 4176 499 4270 Eldgrimum
518 4173 602 4268 ipse
617 4183 860 4268 superasset,
883 4193 968 4240 cum
987 4182 1068 4240 tam
1086 4169 1226 4266 exigua
1246 4174 1285 4245 vi
1302 4189 1401 4244 esset
1416 4189 1588 4268 stratus,
1613 4182 1648 4250 si
1664 4205 1750 4252 cum

142 4295 216 4384 'tito
230 4307 540 4401 viriumlecisset
554 4305 784 4402 periculum.
824 4299 979 4384 Deinde
1002 4302 1229 4374 Tleorleilus
1246 4307 1403 4378 clientes
1423 4331 1513 4379 suos
1526 4309 1750 4384 Kotlellum

144 4451 259 4540 atqve
284 4440 463 4514 Grimam
486 4437 679 4528 convenit,
725 4457 861 4531 sosque
883 4431 1061 4527 rogavit,
1106 4445 1152 4504 ut
1173 4437 1349 4532 aliquam
1363 4461 1440 4510 rem
1457 4455 1749 4537 perpetrarent,

144 4597 229 4672 qva
241 4573 375 4646 Hruto
391 4569 746 4671 ignominiceforet.
779 4566 885 4640 Laeti
902 4565 965 4636 illi
981 4588 1021 4636 se
1040 4563 1099 4634 ita
1108 4563 1246 4656 facere
1260 4581 1434 4662 paratos
1447 4547 1746 4665 profitebantur.

148 4703 377 4780 tuoruum
390 4705 481 4796 ,um
501 4697 666 4777 eomum'
680 4699 809 4770 recen.
868 4698 943 4768 see
958 4697 1208 4792 paulopost
1223 4700 1427 4774 Kottetlus
1443 4697 1482 4772 a
1503 4702 1641 4772 crema
1661 4723 1747 4772 am
1875 4805 1879 4814 ,
1940 4773 1946 4782 ,
2048 4674 2050 4682 ’

136 4835 239 4931 filiis
257 4835 368 4906 domo
384 4831 574 4930 profecti,
601 4841 715 4904 nocta
733 4831 789 4902 ad
803 4829 929 4904 Hruli
949 4831 1086 4906 villam
1097 4852 1328 4926 pervenere5
1357 4829 1409 4900 ibi
1425 4833 1551 4900 multa
1566 4828 1747 4924 veneficia
