4262 5722
825 518 1039 642 ..Ι-ὅέ-
1084 535 1091 552 .

129 768 329 858 sustulere,
347 767 448 839 collo
464 775 597 840 autem
614 765 787 861 lapidem
802 764 1040 862 alligabant.
1074 765 1171 837 Tum
1183 766 1447 866 Hallbjbrnus
1463 759 1597 846 uersus
1612 780 1741 848 conti-

127 913 276 972 nentem
287 903 453 996 glaucos
457 899 576 996 flexit
592 901 735 988 oculos,
751 899 922 996 equidem
940 909 1020 970 tum
1030 899 1146 972 ualde
1156 911 1290 972 toruus
1302 917 1473 1013 aspectu.
1498 907 1602 980 Dein
1611 911 1740 980 Hell-

126 1033 285 1126 bjiirnus
299 1035 357 1104 ita
373 1035 546 1106 locutus:
560 1033 749 1124 Infausta
765 1034 913 1129 quidem
930 1032 1003 1103 illa
1016 1031 1108 1122 dies,
1119 1057 1204 1104 cum
1212 1045 1349 1106 nostro
1356 1059 1452 1130 gens
1459 1037 1740 1112 Kombsnesum

123 1155 696 1262 ud'Tliorleilcumperueniren
723 1166 975 1262 booideoqce,
1001 1164 1137 1260 inquit,
1162 1165 1260 1236 mibi
1276 1167 1353 1274 erit
1370 1181 1500 1240 uotum
1518 1183 1670 1242 ratum:
1695 1185 1741 1243 ut
1859 1173 1867 1180 “

28 1345 31 1352 ·
127 1295 357 1370 Tltcrleikus
366 1312 463 1394 post
478 1299 562 1371 lzoec
577 1323 733 1394 paucas
758 1299 872 1370 loetos
895 1298 978 1368 dies
993 1297 1112 1390 degat
1130 1295 1287 1388 ibidem,
1313 1311 1428 1396 utque
1444 1327 1593 1392 omnes,
1617 1303 1740 1399 quiin

122 1429 234 1500 illius
252 1431 378 1501 locum
396 1431 625 1522 succedant,
664 1419 816 1524 infelici
834 1427 888 1499 ibi
905 1427 1135 1500 habitaculo
1156 1441 1344 1524 utantur3
1389 1457 1458 1504 nec
1478 1435 1582 1506 illud
1607 1448 1739 1508 cotum

120 1557 258 1659 effectu
272 1563 445 1634 caruisse
462 1564 587 1638 visum
603 1577 671 1636 est.
725 1564 805 1636 Illo
822 1562 961 1634 deinde
978 1559 1174 1634 submerso
1189 1565 1246 1634 ad
1260 1576 1407 1670 terrum
1421 1567 1579 1638 rediere.
1606 1570 1738 1640 Paulo

116 1706 213 1790 post
230 1695 390 1766 Hrutus
418 1697 587 1768 Olouum
616 1709 826 1793 cognatum
854 1717 966 1768 suum
996 1697 1196 1788 conuenit,
1243 1696 1436 1792 dixitque:
1492 1697 1752 1785 Yborleibums

119 1827 231 1900 baud
247 1826 496 1922 sufficientem
508 1830 659 1902 dedisse
671 1853 864 1925 poenam,
898 1827 1079 1922 illumque
1095 1831 1262 1924 rogavit,
1293 1842 1337 1900 ut
1353 1829 1525 1900 homines
1540 1827 1614 1900 sibi
1630 1853 1737 1900 com-

115 1973 306 2058 pararet,
341 1960 560 2056 quibuscum
583 1961 832 2044 Thorleibum
856 1961 1149 2054 aggrederetur.
1205 1963 1354 2032 Olenus
1370 1961 1594 2056 respondit:
1626 1961 1737 2038 baud

118 2117 228 2182 sane,
239 2093 376 2188 inquit,
394 2091 587 2177 conuenit,
614 2101 879 2186 uasoognatos
895 2087 1031 2159 litibus
1047 2093 1285 2180 contendere,
1311 2103 1349 2160 et
1363 2091 1447 2161 liceo
1464 2091 1613 2187 quidem
1630 2114 1691 2161 res
1707 2115 1734 2159 a

83 2313 95 2330 .
123 2213 324 2297 Thorleibi
332 2233 456 2317 parte
474 2221 729 2314 inselioifota
743 2233 857 2316 gesta
877 2233 956 2310 est,·
982 2245 1051 2292 uos
1062 2223 1201 2316 potius
1216 2222 1471 2295 reconciliare
1486 2221 1733 2292 studebimus.

123 2357 181 2428 Tu
193 2354 342 2450 quidem
352 2377 456 2449 saepe
471 2366 579 2425 tuum
584 2342 656 2450 jus
665 2353 732 2423 diu
743 2365 782 2423 et
792 2335 920 2424 multa
930 2374 1015 2422 cum
1024 2345 1353 2448 magnanimitate
1360 2353 1603 2450 exspestasti.
1618 2355 1734 2425 Hru-

119 2501 186 2559 tus
203 2487 325 2556 dicit:
351 2485 423 2555 boc
438 2486 592 2580 quidem
612 2486 842 2556 tentandum
857 2496 1027 2574 nonest,
1064 2509 1259 2581 nunquam
1282 2487 1384 2557 enim
1408 2488 1511 2558 inter
1533 2509 1604 2556 nos
1627 2486 1733 2558 inte·-

113 2643 195 2718 gro
221 2619 298 2688 erit
318 2609 496 2688 amicitia
510 2613 550 2688 ἃ
563 2641 659 2691 eane
682 2617 834 2713 quidem
858 2616 994 2688 vellem
1015 2641 1065 2689 ne
1089 2627 1248 2714 uterque
1269 2597 1443 2692 nostrum
1465 2617 1642 2712 posthac
1664 2618 1734 2688 diu

118 2753 161 2824 in
187 2749 422 2822 Lacardolo
447 2748 608 2822 habitet.
677 2750 828 2822 Olacus
855 2749 1079 2845 respondit:
1116 2750 1228 2822 baud
1249 2749 1320 2822 tibi
1340 2749 1432 2822 bene
1461 2751 1567 2822 cedet
1604 2749 1732 2821 Tlior-

118 2884 219 2956 leiko
233 2884 329 2977 plus
334 2883 534 2975 facessere
550 2882 716 2976 negotii,
752 2905 864 2977 quam
887 2905 955 2976 ega
978 2883 1184 2954 concedam
1191 2907 1206 2976 ,·
1246 2882 1382 2980 quodsi
1392 2882 1561 2975 seceris,
1591 2882 1733 2954 uerisi-

116 3016 213 3088 mile
239 3015 387 3110 qcidem
410 3026 468 3083 est
497 3012 671 3083 callim
698 3013 818 3080 colli
845 3035 1176 3084 occursuram.
1242 3016 1400 3084 Hrutus
1420 3015 1511 3110 jam
1538 3013 1733 3082 intellexit

117 3148 235 3228 illum
253 3167 333 3214 esse
360 3143 620 3230 obstinatum,
657 3141 812 3210 domum
834 3153 964 3212 tomen
989 3142 1108 3214 rediit
1132 3167 1235 3238 ager
1258 3145 1411 3236 animo,·
1452 3143 1582 3214 omnic
1602 3156 1732 3214 tomen

106 3281 203 3376 fere
220 3277 350 3375 quieta
367 3286 406 3348 et
416 3273 611 3368 proximis
628 3272 781 3367 quidem
797 3272 916 3342 annis
933 3274 995 3342 nil
1002 3285 1154 3368 gestum
1169 3257 1354 3345 memoria
1371 3275 1540 3367 dignum.

712 3591 843 3696 CAP.
873 3606 1136 3697 XXXVIH.

195 3799 200 3812 '
320 3767 436 3902 Jam
447 3803 692 3900 deStigandc
705 3803 1009 3894 memorandum,
1035 3801 1133 3897 qvod
1142 3801 1211 3872 ille
1215 3801 1423 3894 sectusest
1432 3779 1537 3872 latro
1542 3797 1731 3898 per'cica-

119 3935 308 4007 sissimus.
327 3939 505 4009 Thordus
515 3947 603 4006 erat
619 3958 755 4006 nornen
766 3936 862 4023 uiro,
876 3935 1183 4028 quiHundadoli
1193 3931 1250 4029 (in
1259 3934 1364 4006 ualle
1378 3929 1533 4026 canum)
1544 3927 1710 4003 babebat
1716 3957 1731 4024 ς

120 4067 232 4138 dices
256 4065 324 4135 ille
348 4069 409 4140 vir
437 4091 506 4139 nec
530 4065 665 4159 magni
690 4065 825 4134 animi.
875 4065 938 4134 Ea
962 4077 1099 4136 astate
1122 4063 1166 4134 id
1191 4065 1283 4135 novi
1306 4061 1547 4136 Hundadali
1573 4063 1732 4151 occidit,

121 4209 170 4270 ut
188 4219 336 4291 peoora
370 4197 487 4269 solito
518 4181 647 4268 minus
674 4197 737 4265 lae
759 4194 993 4288 praeberent.
1056 4195 1206 4267 Mu'lier
1232 4193 1287 4266 ibi
1305 4219 1452 4290 pecora
1481 4194 1731 4289 custodiebat.

120 4329 213 4403 Hoc
230 4337 467 4426 compertum
482 4335 551 4419 e'st,
577 4330 679 4427 qood
692 4329 768 4398 illa
783 4326 909 4398 multa
926 4325 1078 4398 cimelia
1094 4327 1401 4424 adipiscebatur,
1420 4341 1459 4400 et
1477 4329 1623 4426 sapius
1635 4349 1733 4400 euos
1784 4411 1792 4428 Ι

120 4454 324 4547 noscebat,
357 4487 424 4537 nec
440 4464 610 4558 ullisuit
625 4474 777 4549 notum,
810 4457 875 4529 ubi
887 4471 1118 4532 moraretur.
1178 4459 1355 4536 'Ibordus
1371 4461 1529 4538 colonus
1548 4461 1661 4543 illam
1679 4459 1735 4542 ad

122 4591 200 4664 boo
218 4591 474 4684 confitendum
497 4593 666 4690 cogebat.
718 4592 923 4666 Exterrita
947 4605 1078 4666 autem
1100 4594 1241 4666 mulier
1255 4593 1441 4690 professa
1467 4597 1593 4692 uirum
1617 4589 1732 4658 illam

124 4723 328 4796 convenire
349 4714 490 4820 solere3
515 4751 681 4824 magnae,
706 4727 842 4824 inquit,
878 4736 1047 4800 staturae
1075 4727 1136 4800 vir
1164 4727 1331 4825 mihique
1358 4738 1540 4800 uenustus
1568 4719 1730 4796 videtur.

1463 4857 1498 4926 U
1514 4875 1534 4922 2
