4262 5722
849 511 1062 690 seg.

143 819 296 895 Deinde
310 819 488 892 Tbordus
504 819 559 890 ad
576 817 803 892 Saurboeum
828 841 961 892 versus
983 816 1217 890 occidentem
1240 835 1325 890 cum
1344 821 1521 898 undecim
1543 823 1762 902 bominibus

143 979 238 1050 equo
254 965 383 1030 uectus
400 955 456 1024 ad
471 975 562 1047 opes
573 953 805 1042 dividendas
809 975 825 1046 ,·
859 951 981 1026 etlroc
995 952 1141 1048 quidem
1154 921 1362 1046 peractum
1375 953 1518 1050 absque
1533 959 1618 1030 ulla
1636 963 1717 1032 mol
1737 1003 1759 1020 -·

142 1087 237 1174 stia,
253 1087 420 1175 Tbordo,
442 1087 628 1183 quomodo
646 1085 689 1156 id
703 1098 898 1182 ageretur,
918 1085 1029 1156 baud
1045 1085 1211 1154 multum
1227 1099 1400 1158 curante.
1432 1089 1609 1161 Thordus
1625 1093 1676 1163 ab
1692 1119 1760 1166 oc-

140 1221 292 1294 cidente
310 1221 476 1316 Laupas
504 1220 631 1290 multa
654 1233 837 1292 armenta
861 1218 1002 1314 abegit.
1057 1218 1210 1289 Deinde
1232 1217 1466 1291 Gudrunam
1498 1247 1654 1295 uxorem
1684 1226 1758 1296 sibi

131 1351 299 1449 ¹petioit3
347 1350 399 1422 ab
424 1353 567 1424 Osvivo
588 1377 635 1422 eu
657 1353 829 1424 conditio
842 1351 975 1445 facile
997 1351 1230 1445 impetrata,
1272 1352 1465 1460 Gudruna
1492 1355 1603 1427 baud
1628 1357 1756 1430 abnu-

137 1495 234 1557 ente.
288 1484 483 1579 Nuptiale
502 1485 728 1558 ,convivium
748 1485 903 1582 Longis
928 1483 985 1553 ad
999 1481 1187 1552 decimam
1211 1484 1363 1554 astatis
1383 1487 1644 1581 septimanam
1661 1515 1756 1564 con·
1779 1537 1782 1544 ·

138 1619 330 1690 stitutum.
370 1618 656 1690 Idcon'vicium
674 1621 885 1690 admodum
903 1627 992 1688 crat
1012 1613 1270 1709 magnificum.
1315 1619 1624 1718 lbordusatqce
1641 1624 1756 1694 Gud-
1873 1697 1881 1723 ,

136 1753 241 1824 ritna
261 1751 381 1842 selici
405 1775 538 1824 amore
561 1753 761 1848 conjugati
786 1751 1008 1825 utebantur.
1062 1748 1114 1818 Id
1130 1752 1355 1843 praesertim
1380 1753 1421 1826 in
1439 1777 1562 1824 causa
1580 1767 1668 1824 erat
1686 1777 1756 1826 cur

140 1884 372 1958 Therbellus
391 1883 555 1975 Catulus
571 1897 688 1980 atqve
701 1887 860 1958 Knutus
876 1883 1073 1956 Tbordum
1083 1883 1278 1976 Ingunnoe
1290 1885 1424 1977 fllium
1441 1911 1518 1956 non
1542 1887 1582 1956 in
1597 1889 1665 1978 jus
1683 1865 1754 1960 co-

134 2029 293 2106 carent,
327 2019 429 2113 qvod
454 2017 556 2088 vires
582 2017 666 2088 illis
691 2019 857 2108 defuere.
927 2013 1103 2086 Secunda
1119 2026 1215 2106 post
1235 2029 1374 2086 esstote
1395 2019 1436 2089 V
1434 2019 1486 2087 iri
1503 2017 1694 2090 Holenses
1712 2021 1753 2090 in

131 2148 388 2232 chmsdalo
400 2170 549 2246 pecora
566 2146 608 2217 in
626 2147 775 2219 oestivis
791 2143 973 2218 tenebant
987 2143 1171 2238 pascuis,
1199 2144 1253 2215 ibi
1266 2145 1436 2216 Audura
1451 2151 1607 2242 pecoris
1621 2163 1753 2221 custo-

131 2283 214 2360 dice
227 2274 407 2376 praefuit.
465 2279 558 2352 Viri
571 2279 797 2374 Langenses
822 2279 863 2348 in
879 2275 1128 2351 Lambadolo
1151 2303 1298 2372 pecora
1318 2293 1482 2350 tenuere.
1535 2283 1617 2352 Illa
1634 2283 1754 2354 vallis

132 2435 271 2486 uersus
293 2377 526 2484 occidentem
553 2409 657 2481 inter
680 2421 828 2482 montes
844 2409 957 2503 flexa
977 2433 1082 2503 pone
1097 2399 1427 2482 Hvammsdolum
1444 2407 1523 2483 sito
1540 2425 1607 2484 est.
1660 2413 1752 2486 Au-

131 2526 239 2616 dura
248 2525 473 2640 pastorem,
500 2536 566 2637 qui
582 2531 727 2638 pecora
746 2543 967 2632 custodivit,
998 2541 1173 2638 rogavit,
1199 2544 1346 2638 qvoties
1366 2547 1435 2616 ille
1450 2533 1597 2616 Tbordi
1607 2559 1754 2640 pasto-

132 2701 216 2752 rem
230 2676 434 2748 convenire
450 2675 602 2748 soleret.
670 2676 748 2747 lile
766 2672 919 2747 crebros
934 2673 1009 2746 sibi
1025 2698 1111 2744 cum
1129 2675 1200 2745 illo
1216 2695 1397 2746 accursus
1412 2677 1646 2771 affirmavit,
1685 2703 1753 2749 nec

30 2799 34 2810 ’
130 2811 358 2882 mirandum
374 2807 467 2894 boc,
492 2805 635 2880 manin
650 2808 783 2894 eadem
800 2809 907 2882 calle
925 2803 1213 2900 interflumina
1228 2808 1307 2878 sita
1329 2833 1476 2904 pecora
1501 2811 1752 2882 custodirent.

136 2943 246 3016 tunc
259 2941 454 3014 Andura:
480 2941 630 3026 Hodie,
658 2909 804 3036 inquit,
829 2942 1142 3036 mibipa'storem
1157 2943 1401 3036 Langensem
1419 2943 1643 3032 convenias,
1674 2943 1752 3014 mi-

130 3075 250 3170 tetqee
268 3073 447 3166 explora,
472 3071 537 3164 qvi
553 3071 726 3142 ltornines
744 3071 786 3140 in
809 3071 1018 3140 domiciliis
1035 3069 1280 3162 hyemalibus
1297 3073 1432 3166 quique
1457 3075 1498 3144 in
1517 3075 1666 3144 asticis
1681 3078 1753 3146 dc-

128 3195 291 3305 gant&
310 3193 543 3274 inomnibus
566 3201 691 3272 amice
711 3201 758 3271 de
787 3194 941 3271 Tisordo
966 3199 1147 3293 loquare,
1188 3197 1248 3268 uti
1271 3212 1307 3270 te
1332 3201 1448 3272 decet.
1501 3207 1607 3274 Puer
1629 3205 1688 3274 ita
1712 3229 1752 3276 se
1832 3187 1834 3194 ’

121 3339 337 3432 facturum
349 3333 572 3430 promisit.¹
603 3328 774 3425 Vespere
791 3342 922 3402 autem
944 3351 1029 3398 cum
1045 3340 1190 3421 pastor
1208 3331 1362 3398 domum
1381 3331 1543 3420 rediret,
1574 3357 1677 3403 nova
1695 3337 1749 3406 il·
1812 3423 1817 3440 .

133 3469 219 3540 lum
232 3449 595 3558 Audura'rogavit,
622 3475 774 3560 tumque
787 3471 933 3556 postor
945 3447 1228 3554 respondebat:
1263 3459 1338 3530 illn
1354 3485 1439 3558 qva
1454 3461 1526 3532 tibi
1543 3489 1637 3534 cane
1649 3467 1702 3560 pl
1727 3505 1751 3521 ·

133 3597 275 3672 cebunt
290 3621 395 3670 novo
408 3597 638 3692 exploravi:
664 3597 813 3691 Nempe
830 3590 998 3664 cubiculi
1007 3589 1324 3687 pauimentum*)
1345 3593 1448 3664 inter
1470 3595 1617 3666 Tbordi
1636 3612 1752 3694 atqve

136 3733 343 3804 Gudrunce
351 3732 529 3804 lecticam
547 3741 613 3802 sat
628 3729 806 3826 amplum
820 3749 920 3816 esse,·
945 3724 1021 3794 illa
1034 3725 1136 3794 enim
1152 3723 1193 3794 in
1208 3725 1357 3820 activis
1372 3699 1581 3798 domiciliis
1591 3729 1658 3802 ille
1671 3757 1751 3804 nu-

135 3877 214 3936 tem
227 3865 333 3936 domi
349 3867 404 3936 od
416 3863 688 3956 adificandum
697 3859 970 3933 dormitorium
985 3851 1145 3927 adest&
1156 3858 1381 3953 illeqcidem
1394 3883 1477 3930 cum
1491 3863 1628 3934 Osvivo
1643 3865 1750 3936 solus

136 3996 182 4065 in
200 3993 444 4088 hyemalibus
460 3995 669 4064 domiciliis
685 4004 956 4064 commoratur.
1020 3989 1192 4062 Pulclrre
1208 3991 1447 4084 explorasti,
1473 3995 1574 4066 dixit
1592 3995 1685 4086 illa5
1712 3992 1751 4070 ἃ

137 4127 296 4222 qvando
325 4135 467 4194 catera
480 4123 649 4213 familia
672 4121 842 4194 cubitum
865 4121 1105 4209 discesserit,
1142 4122 1246 4202 duos
1261 4134 1409 4192 stratos
1432 4127 1610 4196 adducas
1627 4113 1750 4224 equos.

136 4259 289 4330 Pastor
304 4257 537 4349 illiusjussa
555 4267 764 4326 exsecutus.
798 4251 1017 4348 Aliqvanto
1032 4265 1125 4324 ante
1142 4253 1237 4323 solis
1248 4277 1425 4326 occasum
1433 4259 1605 4330 Andura
1617 4285 1752 4356 equum

138 4390 362 4461 conscendit
380 4383 508 4458 &turn
528 4387 675 4484 quidem
700 4409 795 4458 sane
806 4383 992 4456 braccata
1010 4397 1107 4456 erat.
1131 4474 1138 4488 Ι
1162 4389 1310 4457 Pastor
1328 4387 1410 4459 alio
1428 4403 1559 4462 vectus
1575 4417 1665 4488 equo
1686 4395 1751 4464 vic

139 4521 255 4591 illam
269 4523 374 4616 sequi
385 4521 540 4622 potuit,
568 4533 683 4591 tanto
699 4521 762 4590 illi
781 4519 935 4590 itineris
938 4517 1029 4610 fuit
1036 4519 1262 4611 festinatio.
1294 4523 1548 4596 PerDeserta
1560 4527 1750 4616 §alinge-

139 4652 323 4732 dolensis
339 4653 544 4746 profecta5
570 4653 803 4748 boudiprius
820 4675 935 4747 quam
950 4653 1007 4722 ad
1019 4675 1200 4747 aggerem
1215 4655 1306 4749 agri
1323 4653 1750 4752 dornesticiLaugensis

139 4783 328 4854 constitit.
362 4785 457 4856 Tum
472 4763 702 4858 descendens
719 4785 769 4856 ab
784 4810 889 4880 equo,
897 4795 1114 4880 pastorem,
1132 4787 1223 4858 dum
1241 4788 1379 4872 villam
1395 4788 1535 4870 adiret,
1551 4807 1664 4878 equos
1682 4805 1753 4852 cu-

137 4909 411 4928 m

186 4957 219 5028 *l
238 4955 381 5020 Oubiculi
392 4966 607 5042 pauimentum
621 4967 644 5024 i.
662 4983 689 5024 e.
705 4964 909 5024 interstitium
917 4983 930 5042 ,·
948 4963 1051 5025 solitis
1061 4984 1122 5046 per
1135 4965 1239 5027 mem
1256 4967 1291 5024 in
1304 4933 1433 5020 insolita
1447 4961 1623 5023 trmulatis.
1739 5009 1742 5014 .

1497 5079 1557 5150 Sc
