4262 5722
946 487 1008 578 93

160 730 274 828 tutat
298 730 418 822 odiit,
451 729 611 802 comiter
637 727 687 800 ab
706 727 912 818 Hisbuido
938 741 1136 824 exceptus,
1171 743 1417 830 coeptumque
1434 736 1536 808 inter
1560 759 1623 808 eos
1648 741 1728 810 coil
1750 781 1774 798 -

160 864 311 959 quium:
340 865 571 936 Hosbuidus
595 864 772 959 rogavit:
799 835 949 960 qoaleni
967 861 1200 956 nuptiarum
1210 866 1355 960 petitio
1374 875 1548 940 eventum'
1567 883 1686 940 nacta
1708 872 1771 942 sit.

155 991 316 1090 Egilius
333 996 593 1091 buncparum
611 989 745 1068 iatum
761 995 1007 1091 confirmans,
1038 994 1183 1084 omnia,
1213 997 1404 1090 utisacto
1426 1013 1553 1089 erant,
1582 974 1771 1108 exposuit..

153 1127 389 1199 Hbslcubdus
411 1129 531 1218 dixit,
569 1142 769 1225 aspectum
783 1153 933 1201 caussae
949 1153 1028 1198 esse
1046 1127 1260 1218 duriorem,
1293 1143 1423 1202 tamen
1446 1133 1629 1204 laudavit
1645 1136 1772 1229 Egilli

154 1255 351 1330 rationem
359 1262 610 1355 procedendi.
667 1264 815 1334 olavus
830 1285 962 1337 eorum
976 1261 1165 1356 colloqvia
1181 1286 1258 1332 non
1275 1263 1466 1355 interfuit.
1521 1267 1665 1338 Verum
1678 1281 1772 1360 post

153 1390 240 1460 itoec
254 1391 413 1486 Egillus
432 1417 572 1465 rursus
593 1393 706 1465 abiit.
774 1395 923 1466 Olaous
946 1392 1105 1488 rogavit
1125 1397 1311 1488 qvomodo
1334 1395 1509 1491 conjugis
1526 1398 1670 1490 petitio
1687 1423 1771 1470 ces-

152 1526 278 1595 sisset.
347 1525 578 1599 Hosbuldus
610 1527 725 1626 illam
753 1549 903 1622 parum
939 1527 1052 1596 laetos
1084 1549 1214 1598 rerum
1244 1539 1438 1622 aspectus,
1453 1527 1630 1600 exhibere
1656 1531 1767 1600 dixit.

157 1655 266 1729 Tunc
287 1655 457 1732 Olacus:
488 1661 618 1752 adid,
646 1659 789 1757 inqcit,
805 1660 897 1754 jam
915 1657 1070 1732 devenit
1086 1681 1148 1730 res
1166 1661 1266 1754 qvod
1281 1656 1353 1730 tibi
1361 1670 1487 1730 antea
1504 1659 1588 1730 dici
1595 1711 1605 1750 ‚
1632 1685 1768 1768 nempe
1821 1736 1827 1746 ,

150 1811 213 1859 me
229 1789 332 1858 mole
347 1803 570 1888 contentum
578 1793 674 1885 fore
691 1794 726 1863 si
743 1791 1001 1887 ignominiosa
1020 1813 1207 1886 responsa
1223 1801 1477 1886 reportarem.
1535 1793 1627 1864 Tuoe
1640 1794 1769 1887 magis

153 1944 375 2006 concessum
396 1936 453 1994 est
475 1925 711 1995 auctoritati
729 1926 883 2020 qvando
900 1922 984 1991 bac
1002 1923 1177 2014 primum
1195 1921 1486 2018 eloquebamur,
1515 1925 1605 2018 jam
1621 1899 1706 1992 meo
1726 1925 1767 1994 in

150 2053 227 2124 boo
254 2055 407 2142 valeat,
446 2057 548 2148 qvod
568 2079 649 2124 rem
674 2056 732 2125 ita
759 2055 946 2145 infectam
970 2075 1048 2121 non
1072 2055 1357 2148 relinqoamus3
1397 2078 1490 2123 nam
1511 2079 1644 2125 verum
1671 2079 1784 2126 sane·

149 2167 258 2254 illud
266 2165 538 2276 proverbium:
559 2177 735 2279 'Lupum
751 2179 832 2256 ess'e
848 2182 973 2253 alieni
991 2183 1137 2275 negotii
1152 2195 1388 2254 executorem
1398 2179 1432 2277 *)
1439 2232 1452 2274 ,
1479 2185 1613 2255 statim
1635 2187 1765 2282 itaque

151 2314 216 2385 ibo
236 2316 293 2384 ad
307 2315 433 2408 Egilli
449 2313 756 2384 tabernaculum.
809 2315 1035 2384 Hoskuldus
1053 2313 1170 2406 liujus
1193 2315 1250 2383 rei
1272 2315 1336 2382 illi
1354 2313 1519 2384 liberam
1534 2315 1633 2406 feeit
1643 2331 1763 2410 pote-

148 2458 304 2515 statem.
361 2445 468 2514 Tunc
485 2447 632 2516 Olaous
648 2446 706 2514 ita
728 2457 816 2516 erat
835 2455 1036 2514 armatus:
1069 2443 1259 2534 coccineo,
1286 2461 1479 2540 qvem‘rex
1493 2445 1706 2517 Harnidus
1727 2451 1762 2518 ei

149 2580 393 2661 donaverat,
431 2577 592 2646 indutus
617 2561 710 2645 erat
743 2577 907 2662 uestitu,
948 2573 1184 2645 obauratnm
1212 2576 1397 2669 gestabat
1424 2579 1603 2670 galeam,
1641 2603 1788 2648 manu.

148 2719 284 2777 autem
309 2705 463 2776 tenebat
486 2731 611 2778 ensem
638 2709 751 2776 ilium
773 2717 972 2789 auratum,
998 2729 1105 2799 qoem
1130 2728 1198 2776 rex
1214 2706 1472 2801 Myrijartnn
1498 2708 1561 2778 iili
1588 2711 1759 2780 dederat.

147 2839 242 2910 Jam
267 2821 496 2908 Hbskuldus
523 2853 638 2934 atqve
667 2835 1139 2910 Olacustobemacuium
1162 2837 1287 2930 Egilli
1319 2840 1486 2909 adeunt:
1532 2841 1760 2910 Hbskuidus

143 2970 332 3068 proeivit3
363 2970 511 3040 Olaous
537 2971 649 3038 illum
668 2993 757 3038 mox
781 2967 1091 3060 subseqvetctur.
1143 2969 1299 3060 Egillus
1321 2993 1385 3038 eos
1411 2968 1570 3064 benigne
1589 2974 1759 3065 excepit:

147 3101 379 3173 Hbsbuidus
396 3101 508 3194 apud
522 3101 634 3168 ilium
653 3095 886 3168 considebat.
944 3081 1091 3165 Oinous
1108 3093 1285 3190 (erectus)
1305 3099 1414 3167 stetit
1430 3100 1759 3194 circumspectans

149 3232 351 3305 mulierem
369 3231 410 3300 in
425 3239 607 3324 suggestu
624 3226 807 3323 qaudam,
834 3226 898 3318 qai
913 3209 1000 3294 erat
1017 3227 1057 3294 in
1074 3223 1340 3312 tabernaculo,
1367 3230 1637 3316 considentem,
1664 3253 1759 3300 con·-

150 3325 291 3458 spesit.
317 3393 320 3398 ·
346 3361 429 3430 Illo
446 3355 534 3428 erat
546 3359 686 3428 mulier
690 3357 873 3448 formosa
880 3403 893 3438 ,
917 3367 1090 3448 augusta
1105 3367 1220 3448 atqve
1237 3354 1328 3425 bene
1344 3357 1507 3426 vestita:
1538 3357 1641 3427 banc
1658 3373 1759 3430 certe

153 3492 422 3588 Tborgerdom
446 3490 572 3586 Egilii
585 3487 720 3581 filiam
743 3513 822 3558 esse
846 3485 1217 3556 comminiscebatur.
1287 3487 1435 3570 Otoous
1459 3489 1515 3556 ad
1536 3502 1757 3582 suggestum

143 3647 381 3722 progressus
395 3624 507 3718 apud
522 3622 637 3692 illam
654 3619 837 3690 consedit.
890 3617 1010 3688 Hunc
1031 3617 1158 3716 virum
1181 3618 1406 3714 Tborgerdo
1423 3621 1618 3692 salutavit
1635 3645 1758 3716 roga-

149 3757 278 3849 vitqve
293 3755 356 3849 qvi
373 3753 486 3824 bomo
505 3750 630 3823 essct?
685 3752 833 3850 Olavus
849 3773 959 3820 suum
975 3761 1090 3846 atqve
1102 3750 1596 3849 patrisnomenelocutus:
1622 3754 1757 3822 audax

151 3885 294 3982 inqvit,
324 3851 602 3956 tibicidebitur
616 3908 738 3955 servae
743 3879 875 3974 filius,
902 3856 966 3976 q'vi
987 3883 1099 3976 apud
1115 3895 1150 3950 te
1168 3865 1365 3951 considere
1382 3893 1497 3986 atqve
1515 3895 1637 3954 tecum
1655 3885 1758 3980 loqui

149 4041 229 4089 non
244 3981 446 4086 ¹vereatur.
519 4013 746 4106 Tborgerda
767 4011 989 4105 respondit:
1030 4011 1148 4082 talem
1166 4010 1237 4079 tibi
1252 4013 1438 4105 spiritum
1457 4002 1578 4084 inesse
1596 4018 1736 4108 opinor
1742 4039 1756 4104 ,·

148 4161 197 4221 ut
216 4147 387 4240 'majoris
411 4145 594 4216 audacioe
618 4145 884 4238 qonnuiilias,
923 4167 1006 4238 qcae
1028 4144 1085 4210 ad
1109 4141 1399 4235 colloqvendum
1427 4167 1511 4213 cum
1530 4143 1756 4214 mulieribus

148 4279 391 4374 exposcitur,
425 4289 462 4348 te
478 4273 930 4346 documentum'edidisse
950 4297 1115 4344 cernens.
1169 4271 1268 4343 Inde
1289 4283 1412 4344 sermo
1437 4276 1539 4345 inter
1560 4299 1622 4344 eos
1646 4285 1756 4344 ortus

149 4408 189 4482 ἃ
198 4433 274 4506 per
296 4422 421 4482 totum
437 4409 538 4482 diem
553 4409 819 4492 continuatus,
845 4406 948 4476 nulii
962 4418 1085 4504 erant
1095 4406 1253 4476 illorum
1268 4407 1451 4501 oolloqoii
1469 4419 1599 4494 testes,
1625 4417 1757 4475 cortem

148 4555 361 4640 anteqvarn
374 4541 628 4629 discederent,
654 4541 870 4608 advocatus
888 4550 946 4607 est
958 4538 1114 4632 Egiilus
1132 4550 1248 4634 atqve
1262 4539 1510 4630 Ho'sbuldus,
1544 4552 1659 4632 atqve
1680 4537 1756 4604 ite-

149 4697 240 4746 rum
258 4675 303 4742 de
321 4696 440 4742 uxore
458 4673 583 4741 Olavo
594 4673 768 4763 petenda
783 4682 892 4739 ortus
908 4695 1048 4758 sermo,
1087 4683 1238 4765 tumque
1263 4671 1486 4766 Tborgerdo
1501 4667 1638 4762 patris
1657 4681 1756 4730 azec-

151 4805 313 4878 toritoti
334 4827 414 4871 rem
437 4799 719 4888 committebat,
749 4803 838 4896 jam
857 4801 1163 4898 absqcenegotio
1175 4815 1345 4898 peracta
1369 4825 1453 4886 res,
1491 4794 1529 4866 8(
1549 4789 1755 4888 sponsalia

146 4935 422 4961 μ

196 5001 229 5070 *)
254 5015 282 5053 o:
298 5001 476 5076 proximum
500 5019 640 5076 qvemqve
660 5019 724 5056 esse
748 4999 820 5059 sibi.
