4262 5722
909 485 968 564 81

54 723 59 732 ’
126 735 202 810 cim
211 733 477 830 gubernaret?
494 736 984 840 Olacusncmeneloculus,
1001 736 1169 832 rogavit,
1195 740 1353 838 quinam
1371 755 1468 814 esset
1490 743 1658 841 insignis
1676 747 1746 824 illc

122 893 241 994 eques,
258 871 408 968 quicum
428 873 491 944 illi
508 885 589 944 tam
603 893 726 942 sermo
736 868 862 946 esset?
878 870 956 942 Ille
970 872 1192 966 respondit:
1207 873 1255 944 M
1250 861 1466 974 j‘rly'artan
1480 879 1579 950 mini
1593 905 1741 956 nomen.

125 1005 274 1078 Olavus
300 1008 425 1110 dixit:
466 1032 558 1082 nam
588 1019 630 1078 tu
646 1005 915 1084 Hibericarum
946 1001 1043 1076 rex?
1083 1005 1162 1078 Ille
1192 1031 1233 1078 se
1263 1033 1344 1080 esse
1373 1009 1599 1105 confirmat,·
1647 1027 1741 1086 tunc

120 1127 190 1209 rea¹
207 1139 254 1210 de
270 1139 443 1236 publicis
462 1143 574 1216 nocis
586 1141 773 1240 quaesivit.
830 1141 979 1213 Olacus
994 1161 1123 1220 ornnes
1142 1138 1298 1212 oblatas
1312 1143 1386 1214 sibi
1401 1147 1629 1242 quaestiones
1632 1172 1741 1244 pru-

119 1245 256 1342 denter
273 1275 459 1348 solvebat.
516 1277 612 1350 Tum
629 1253 698 1346 rex
714 1301 734 1346 e
750 1300 921 1374 qaenam
940 1285 1049 1344 terra
1059 1275 1205 1369 egressi
1220 1279 1391 1375 quodque
1405 1279 1604 1352 hominum
1613 1305 1738 1377 genus

117 1417 245 1478 essent
269 1409 448 1504 rogavit,
496 1410 685 1508 simulque
715 1410 894 1508 qvaesicit
935 1409 982 1480 cle
1008 1408 1127 1480 Olaci
1154 1433 1312 1506 genere,
1359 1435 1428 1484 rex
1462 1425 1605 1486 tamen·
1631 1438 1739 1486 ccm-

113 1541 283 1637 periens,
316 1543 525 1640 superbum
546 1545 649 1616 nunc
663 1567 745 1618 esse
762 1543 966 1634 hominem,
984 1543 1049 1640 qvi
1063 1545 1191 1640 plura
1217 1547 1344 1618 dicere
1367 1571 1482 1644 qvam
1504 1570 1590 1646 qcoe
1612 1569 1738 1642 roga-

89 1683 94 1688 '
117 1686 289 1748 tucesset
307 1679 558 1771 detrectaret,
585 1651 713 1752 noluit
735 1679 1082 1774 inproesenticrum
1093 1679 1233 1774 plures
1256 1681 1320 1754 illi
1336 1679 1476 1778 offerre
1493 1689 1734 1779 qaoecttones.
1817 1749 1822 1764 ,

118 1809 269 1884 Olavas
286 1814 407 1886 dixit:
427 1817 517 1888 Hoc
542 1815 613 1889 tibi
626 1817 717 1914 jam
740 1815 921 1909 eloqcar,
960 1838 1019 1884 me
1043 1839 1063 1883 e
1088 1813 1222 1884 littore
1246 1814 1463 1911 Norcagioe
1483 1806 1616 1893 accim
1630 1836 1736 1910 pro·

111 1944 277 2036 pulisse,
294 1945 366 2016 lcoc
385 1952 601 2036 cerociros,
617 1950 736 2046 quiin
747 1949 842 2018 navi
858 1951 1016 2036 adsunt,
1034 1948 1273 2018 esseaulicos
1288 1950 1390 2044 regis
1398 1949 1581 2020 Haralcli
1591 1950 1734 2020 Gunn-
1752 1936 1756 1956 ⁸

112 2075 240 2146 liildoe
253 2075 349 2169 filii.
400 2083 490 2152 Hoc
507 2105 596 2152 vero
616 2083 686 2150 tibi
699 2083 888 2166 Domine,
912 2083 959 2148 de
979 2105 1061 2148 meo
1074 2102 1214 2172 genere
1228 2081 1434 2152 dicendum
1452 2081 1596 2156 habeo:
1627 2083 1732 2153 Pat-

14 2207 16 2216 ’
113 2231 196 2278 rem
212 2233 350 2296 meum,
367 2211 615 2280 Isdslculdum
634 2211 798 2301 nomine,
827 2211 868 2282 in
892 2210 1077 2281 lelandia
1093 2207 1288 2298 habitare,
1316 2211 1443 2284 cirum
1453 2237 1594 2306 genere
1620 2210 1739 2284 nobi-'

113 2341 326 2431 tissimum,
353 2365 477 2412 meum
495 2355 625 2414 autem
642 2356 862 2413 maternam
875 2366 999 2437 genus
1016 2340 1088 2412 tibi
1101 2343 1240 2414 melius
1256 2367 1372 2438 qvam
1387 2345 1486 2422 milii
1503 2357 1637 2418 notum
1654 2367 1735 2430 esse

112 2471 266 2566 confido
272 2499 287 2564 ,·
313 2476 411 2545 mihi
426 2477 527 2546 enirn
536 2475 876 2586 materMclkorka
885 2477 1051 2563 nomine,
1067 2471 1106 2547 8<
1121 2475 1194 2546 lcoc
1209 2499 1306 2546 cane
1320 2475 1420 2547 milii
1436 2501 1567 2552 cerum
1586 2479 1735 2548 dictam
1809 2483 1813 2494 '

112 2631 196 2678 csse
210 2607 503 2697 existimo,?eam
520 2621 641 2700 tuam,
664 2629 744 2698 rex,
768 2632 848 2680 esse
858 2607 1004 2702 filiam.
1043 2609 1106 2681 En
1123 2609 1365 2700 tiliacum,
1386 2635 1456 2682 cur
1474 2624 1557 2694 tam
1575 2613 1735 2708 longum

112 2740 191 2812 iter
208 2741 461 2836 susceperim,
493 2738 532 2816 8<
557 2742 629 2814 lcoe
647 2767 743 2814 sane
764 2742 1069 2845 magninfflerre
1073 2743 1225 2839 judico,
1250 2745 1386 2840 qualia
1408 2756 1543 2815 nostro
1565 2741 1734 2847 sermoni

111 2897 304 2970 responsa
322 2879 477 2948 reddas.
538 2878 632 2952 Tum
656 2901 725 2948 rex
737 2875 926 2952 conticuit
942 2871 1127 2971 &postca
1141 2901 1226 2948 cum
1240 2877 1322 2959 suis
1339 2878 1491 2948 locutus
1510 2888 1586 2948 est..
1637 2875 1733 2946 Tum

110 3008 313 3103 sapientes
331 3009 409 3080 viri
421 3032 547 3103 regem
557 3008 763 3104 rogabant,
788 3011 882 3105 qvid
889 3009 947 3078 rei
957 3008 1366 3102 veritatiqvemaximc
1382 3021 1480 3078 esset
1502 3007 1732 3080 conveniens

109 3139 155 3209 in
169 3123 287 3234 liujus
296 3139 373 3210 ciri
384 3163 567 3226 sermone.
601 3143 688 3211 Rex
704 3141 827 3208 dixit:
852 3139 964 3209 Illud
973 3140 1013 3208 in
1028 3140 1101 3210 lcoc
1114 3141 1240 3212 Olavc
1258 3119 1325 3210 sal
1338 3141 1602 3232 manifestum,
1618 3139 1732 3208 illum

105 3293 339 3368 generosum
353 3295 434 3340 esse
449 3275 588 3360 cirum,
608 3271 745 3340 'utrum
759 3270 869 3341 nobis
887 3271 1196 3363 consanguineus
1217 3273 1270 3339 sit
1288 3297 1341 3342 an
1360 3269 1458 3355 n'on,
1491 3271 1611 3338 simul
1632 3267 1734 3362 qvod

109 3405 215 3475 adeo
237 3402 411 3494 perfecte
436 3401 497 3471 uti
520 3399 723 3496 qaisquam
750 3399 979 3470 mortalium
1006 3399 1202 3472 hibernice
1225 3401 1408 3495 loquitur.
1486 3397 1640 3469 Deinde
1664 3419 1733 3468 rea
1831 3483 1838 3496 ·

107 3533 318 3630 surgebat,
352 3545 468 3630 atqve
491 3532 614 3604 dixit:
645 3496 737 3602 lam
759 3543 826 3602 tac
848 3509 1017 3602 sermoni
1044 3532 1147 3602 talia
1178 3533 1342 3603 reddam
1373 3553 1600 3624 responsa:¹
1624 3527 1733 3603 cobis

109 3665 291 3744 amnibus
314 3666 450 3736 nautis
477 3677 564 3738 tuta
589 3665 665 3738 erit
675 3689 785 3760 pac,
817 3664 1198 3760 consongvinitotern
1213 3677 1345 3736 autem
1369 3663 1503 3748 illam,
1529 3685 1643 3758 qvam
1662 3660 1734 3732 tibi

108 3799 313 3874 nobiscum
337 3823 419 3870 esse
434 3800 517 3891 ais,
543 3800 645 3896 qvod
659 3797 816 3890 attinet,
837 3810 939 3894 puto
955 3796 1065 3869 nobis
1079 3799 1126 3868 de
1143 3800 1278 3868 eadem
1289 3797 1415 3892 plura
1439 3795 1630 3890 loquenda
1652 3817 1732 3864 an-

113 3945 273 4030 tequam
290 3958 359 4028 ego
372 3932 448 4002 lcac
464 3935 511 4002 de
525 3957 566 4002 re
588 3931 660 4000 tibi
682 3932 845 4026 aliquod
866 3955 1096 4026 responsum
1120 3929 1294 4001 reddam.
1368 3929 1464 4000 Tum
1487 3923 1686 4022 ponticuli
1713 3935 1739 3994 e

112 4065 215 4137 navi
233 4065 274 4133 in
294 4077 440 4133 terram
457 4063 579 4158 ejecti,
604 4075 719 4157 atqve
741 4061 889 4133 Olacus
911 4087 996 4132 cum
1013 4063 1129 4132 sociis
1148 4063 1189 4130 in
1207 4073 1355 4132 terram
1369 4071 1556 4155 egressus,
1576 4059 1735 4154 jamqve

111 4193 291 4272 Hiberni
308 4195 475 4266 multum
490 4195 684 4265 admirati
705 4207 917 4288 augustum
932 4207 1049 4290 atqve
1071 4194 1298 4264 martialem
1329 4192 1499 4263 hominis
1521 4203 1735 4286 aspectum.
1802 4189 1806 4197 ’

111 4329 224 4402 Dein
255 4329 405 4400 Olavus
440 4329 622 4400 detracta
647 4327 767 4436 galea
792 4351 918 4422 regem
945 4329 1104 4400 comiter
1135 4325 1342 4398 salutabat
1374 4347 1537 4420 corpore
1572 4323 1736 4418 inflexo,

112 4476 236 4560 atqve
242 4463 331 4558 jam
347 4486 415 4534 rex
424 4443 544 4534 illum
561 4463 688 4534 multa
706 4484 791 4532 cum
806 4459 1047 4556 benignitate
1064 4460 1214 4554 excepit
1220 4485 1234 4548 ,·
1259 4483 1348 4532 mox
1362 4459 1464 4530 inter
1479 4483 1542 4532 cos
1559 4467 1738 4551 coeptam

114 4595 355 4690 colloquium
369 4590 407 4665 8<
426 4596 575 4670 Olaeuc
591 4619 704 4666 cuam
721 4617 903 4666 caussam
919 4593 1097 4688 repetiit,
1125 4605 1276 4690 cumque
1299 4595 1457 4690 longam
1480 4603 1595 4686 atqve
1609 4586 1739 4656 diser·

116 4743 207 4800 tam
225 4728 441 4822 orationem
459 4707 611 4818 habuit,
630 4723 668 4798 8<
686 4726 863 4798 oratione
866 4724 1003 4820 finita,
1013 4726 1115 4796 dixit
1131 4751 1170 4796 ce
1181 4727 1221 4797 in
1238 4751 1359 4798 nconu
1373 4737 1530 4820 gestare
1549 4717 1741 4789 annulum

116 4881 232 4960 qvem
250 4857 455 4930 Mellcorlo
474 4860 516 4931 in
532 4859 716 4932 lelandia
734 4859 784 4930 ab
801 4885 845 4932 eo
865 4861 1063 4931 discedens
1078 4835 1372 4948 eitrodidisset3
1398 4877 1587 4952 qoeche,
1605 4845 1743 4944 inqcit,
