4274 5728
850 525 1056 644 „Q

142 773 326 862 multum,
362 781 515 865 ptaeter
544 767 812 844 necessitatem
840 769 977 862 infesti
993 767 1103 842 nobis
1119 767 1188 840 itis
1212 767 1380 860 obuiam,
1423 766 1461 842 &
1485 794 1555 846 nos
1576 785 1672 846 sane
1688 773 1758 848 diu

140 905 370 976 inimicitias
393 915 545 974 vestras
563 904 744 997 perpessi
760 893 917 975 sumus.
985 904 1076 978 lam
1105 903 1177 974 ltoc
1209 905 1462 995 manifestum
1499 905 1677 1006 omnibus}
1702 908 1756 977 sit
1793 923 1796 928 '

139 1039 243 1108 talia
270 1040 310 1107 in
328 1037 516 1129 futurum
541 1035 653 1104 lzaucl
676 1038 848 1108 tolerata
868 1037 974 1128 fore.
1036 1039 1228 1107 Gudruna
1252 1051 1332 1108 tum
1361 1039 1419 1108 ita
1454 1039 1565 1108 illius
1587 1039 1758 1137 sermoni·

137 1169 363 1263 respondit:
404 1169 566 1238 illum'
541 1193 630 1264 Jam
656 1170 885 1262 perforns'
872 1195 1015 1263 ignem,
1051 1171 1131 1264 qvi,
1180 1183 1224 1240 ut
1250 1172 1404 1240 nullum
1424 1170 1583 1260 fumum
1600 1172 1754 1244 emitte-

136 1312 215 1388 ret,
254 1301 391 1370 melius
404 1301 591 1392 soret3
565 1327 658 1397 Jom
686 1327 797 1388 uero,
838 1305 912 1373 etsi
939 1303 1029 1392 boc,
1069 1305 1170 1398 qvod
1192 1317 1234 1373 tu
1259 1303 1479 1390 contendis,
1512 1327 1650 1416 oerum
1673 1313 1752 1391 est,
1851 1392 1859 1408 Ο

134 1431 320 1529 quosdam
349 1431 413 1502 nic
437 1432 727 1522 esselzomines,
765 1457 921 1530 quorum
944 1435 1069 1506 consil
1070 1437 1107 1506 io
1123 1438 1287 1531 peplum
1314 1401 1493 1506 oblatum
1515 1437 1585 1524 sit,
1612 1461 1680 1529 ego
1698 1437 1753 1505 tl

134 1565 218 1634 lam
232 1589 312 1635 rem
327 1589 383 1634 stc
398 1567 575 1636 existimo
582 1617 596 1654 ,
623 1591 686 1637 eos
715 1591 789 1636 sua
815 1567 1066 1637 abstulisse.-
1096 1571 1187 1640 lam
1214 1571 1275 1659 id,
1316 1573 1414 1665 qood
1435 1569 1542 1641 cobis
1553 1569 1756 1662 placitum

122 1699 256 1791 foret,
288 1699 336 1768 de
347 1701 470 1793 peplo
497 1699 654 1789 ablato,
689 1724 822 1774 verum
843 1725 924 1770 esse
946 1702 1118 1771 credatis
1126 1728 1141 1792 ,-
1172 1703 1270 1774 milti
1285 1713 1421 1772 autem
1441 1724 1519 1772 non
1544 1700 1755 1793 displicet,

130 1854 165 1900 si
159 1831 320 1935 'illud
306 1843 363 1900 tta
385 1833 583 1902 conditum
600 1845 669 1916 est,
687 1845 731 1902 ut
741 1845 837 1926 post
852 1833 957 1904 banc
974 1834 1075 1904 diem
1090 1839 1146 1906 ad
1154 1818 1353 1928 Hrefnnm
1371 1835 1592 1906 ornandam
1602 1855 1752 1926 parum

131 1929 322 2055 conserat.
375 1967 521 2034 Postea
544 1965 663 2080 baud
680 1967 763 2034 sine
793 1966 1065 2082 indignatione
1090 1967 1350 2082 discedebant.
1406 1967 1498 2038 Viri
1519 1965 1749 2059 Hjordlsol-

132 2109 258 2166 tenses
273 2097 427 2165 domum
453 2097 612 2164 rediere.
645 2067 760 2165 lom
774 2095 873 2187 finis
897 2120 1183 2168 conviviorum
1168 2147 1181 2186 ,
1213 2071 1343 2165 tamen
1361 2096 1492 2164 omnia
1503 2072 1756 2190 fereqvleta

129 2229 194 2302 De
205 2229 329 2324 peplo
344 2229 406 2298 nil
417 2240 556 2321 postea
569 2228 775 2320 cognitum.
820 2229 964 2298 Tamen
969 2253 1048 2324 pro
1063 2250 1151 2299 cera
1165 2225 1354 2314 nubitum,
1374 2227 1615 2317 Tltorolfum,
1634 2229 1749 2298 Gud-

131 2385 245 2434 runoe
268 2361 415 2432 sororis
434 2361 604 2447 monitu,
633 2359 800 2454 peplum
825 2361 913 2455 igne
941 2355 1199 2430 combussisse.
1240 2361 1392 2456 'Hujus
1417 2359 1567 2454 byemis
1586 2359 1747 2454 prinoi-

126 2497 201 2592 pio
216 2493 408 2590 Asgeirus
431 2485 649 2563 AEdie'cllus
673 2494 775 2564 diem
791 2493 906 2586 obiit5
923 2491 1007 2586 filii
1026 2517 1118 2588 opes
1134 2514 1182 2562 ac
1189 2493 1442 2583 familiarem
1464 2517 1544 2563 rem
1560 2493 1745 2586 amplexi.

775 2733 1104 2827 CARXLVII.

328 2854 402 2963 Ea
429 2893 565 2989 ltyeme
586 2905 682 2990 post
702 2895 851 2990 festum
858 2898 1014 2992 jolense
1041 2897 1266 2992 Isj'artcnus
1286 2894 1391 2966 uiros
1415 2895 1472 2964 ad
1494 2893 1748 2984 seeecoavit,

130 3042 285 3124 tumque
308 3027 390 3097 LX
412 3039 682 3096 convenerunt.
747 3028 914 3097 Nullam
931 3029 1155 3119 Kjartamm
1171 3027 1289 3120 patri
1317 3027 1419 3094 dixit
1443 3026 1597 3096 itineris
1618 3019 1748 3095 ratid-

129 3185 237 3250 nem,
286 3181 354 3229 nee
362 3131 530 3228 ota’vns
552 3153 719 3226 multum
744 3157 791 3227 de
824 3181 870 3226 ea
900 3180 942 3225 re
967 3157 1135 3262 rogavit.
1157 3146 1421 3249 Kjartanus
1443 3150 1674 3252 papiliones
1700 3181 1750 3225 ae

38 3316 48 3330 ·
129 3297 327 3366 alimento
353 3309 479 3358 secum
510 3287 698 3382 obstulit3
739 3249 878 3357 deitide
897 3287 1102 3381 profectus
1124 3308 1240 3383 usque
1264 3287 1355 3356 dum
1378 3289 1542 3380 Longas
1560 3287 1746 3380 perveni-

123 3438 198 3502 ret.
278 3415 382 3492 Tum
399 3443 490 3489 suos
515 3411 566 3488 a'b
591 3421 696 3516 equis
714 3405 949 3492 descendei'e
962 3417 1176 3516 ]ιιὸιιὸἰιι,’
1183 3418 1372 3513 'qeosda'm
1395 3443 1504 3515 eqoos
1532 3417 1747 3501 custodite,

131 3555 319 3652 qvosdam
337 3575 427 3626 vero
443 3553 614 3628 tentoria
625 3573 783 3646 ponere.
809 3561 814 3570 '
834 3553 894 3622 Eo
919 3563 1092 3646 tempore
1108 3553 1274 3622 multum
1279 3550 1370 3640 fuit
1388 3552 1590 3639 usitatum,
1612 3561 1655 3620 ut
1680 3552 1748 3620 la·-

130 3685 732 3799 ttinoejorisessentetqvidemo
745 3685 854 3776 villis
871 3685 1120 3780 aliquantum
1135 3697 1302 3756 remota.
1329 3684 1382 3756 Et
1401 3685 1460 3776 ita
1476 3687 1624 3780 quidem
1632 3685 1749 3778 Lou-

125 3824 193 3924 gis
210 3831 297 3891 erat
313 3801 547 3938 institutum.
600 3819 824 3930 Ιῇανιιιιιιιι
842 3819 1024 3934 domuum
1050 3841 1179 3888 omnes
1199 3817 1315 3909 fores
1341 3817 1509 3906 obsedit,
1544 3842 1592 3886 ac
1620 3841 1749 3938 omnes

129 3948 324 4027 mortales
339 3953 443 4024 exire
448 3925 666 4065 probibuit
682 3945 802 4044 &per
822 3964 900 4022 tres
921 3954 1070 4048 quidem
1083 3963 1213 4020 noctes
1232 3951 1338 4022 intus
1356 3953 1448 4022 illos
1462 3952 1592 4034 alvum
1609 3928 1751 4020 exone-

131 4089 228 4159 rate
247 4073 383 4176 co'e'git.
435 4052 618 4153 Postlioec
636 4047 861 4193 Kjartcnns
882 4060 1036 4154 domum
1059 4079 1179 4150 redut
1191 4083 1530 4180 HJardarltcltum
1556 4069 1750 4178 omnesque

132 4219 246 4292 illins
268 4215 424 4286 comites
440 4237 547 4284 suas
562 4201 751 4308 repetiere
767 4213 913 4284 domus
963 4211 1054 4287 Hoc·
1078 4214 1153 4283 iter
1178 4215 1229 4285 Ol
1229 4240 1303 4287 nco
1329 4217 1544 4309 displicuit.
1622 4215 1749 4288 leor-
1754 4237 1757 4249 ·
1801 4229 1804 4239 “

114 4353 259 4450 -gerda
281 4338 353 4421 boc
379 4347 685 4444 vituperandum
702 4355 783 4418 ess'e
804 4335 972 4442 negabit,
997 4347 1169 4442 cirosqoe
1180 4347 1405 4444 Langenses
1423 4351 1542 4422 talem
1557 4375 1652 4448 sane
1679 4361 1752 4419 aut

130 4487 321 4578 majorem
339 4482 512 4579 aliquam
529 4481 785 4576 ignominiam
811 4482 1052 4574 cunmeritcs
1072 4482 1281 4552 contendit.
1313 4515 1316 4524 ·
1337 4485 1443 4556 Tunc
1456 4485 1557 4556 dixit
1570 4482 1749 4574 Hrefnc:

132 4619 243 4690 Num
262 4615 345 4706 tibi,
368 4617 590 4708 Kjartane!
614 4637 700 4685 cum
721 4617 783 4686 ull
783 4639 804 4686 o
821 4615 975 4688 bomine
997 4615 1151 4710 Longis
1169 4617 1397 4714 colloquium
1403 4614 1520 4710 sau?
1551 4616 1610 4688 Ill
1594 4611 1747 4688 lemul·
1774 4618 1779 4627 '

135 4763 221 4822 tum
247 4749 313 4862 ¹ill
299 4772 334 4817 cc
359 4747 433 4820 sibi
453 4748 589 4841 fuisse
619 4747 848 4846 colloquium
880 4749 1059 4846 negavit5
1102 4773 1143 4822 se
1165 4753 1278 4822 modo
1315 4777 1363 4822 ao
1382 4752 1558 4824 Bellium
1597 4746 1747 4840 aliquot
1846 4785 1856 4798 ι

136 4863 300 4955 inbicem
294 4881 437 5020 dicta
463 4881 691 5016 protulisse.
764 4848 859 5016 lieni
880 4883 1041 4978 Hrefna
1068 4886 1170 4956 dixit
1192 4883 1413 4958 subridens:
1444 4884 1516 4954 boc
1540 4877 1637 4950 mibi
1662 4899 1749 4992 ιιι..

190 5019 194 5024 ’
1467 5013 1554 5087 Dd
