4282 5714
915 509 972 604 81

133 757 524 856 tumqaeHbsluldus
539 753 836 849 Xllsceminas
849 753 962 826 'intra
983 755 1223 826 considentes
1238 757 1459 852 conspexit..
1508 757 1657 834 Gillias
1665 766 1757 840 Hb-

130 895 313 966 sbuldum
332 893 487 966 intrare
496 871 659 986 jubebat
675 887 713 964 bt
733 891 886 986 siquam
903 913 949 960 ex
966 888 1030 960 bis
1046 888 1274 960 mulieribus
1290 915 1412 962 emere
1437 907 1596 986 cuperet
1619 865 1754 970 Wisi-

130 1029 283 1102 derare.
336 1029 389 1104 Et
402 1028 631 1100 Ho'slculdus
656 1025 806 1124 qoidem
822 1023 1013 1114 intraoit3
1051 1047 1180 1094 omnes
1206 1023 1293 1094 iste
1320 1025 1503 1096 mulieres
1516 1050 1592 1120 per
1610 1041 1752 1102 trans-

128 1186 286 1236 versum
313 1160 523 1262 tentorium
556 1161 821 1252 consederunt.
887 1157 1116 1230 Hbslculdas
1150 1158 1333 1231 mulieres
1363 1133 1624 1255 magnacum
1657 1189 1754 1238 cura

129 1293 476 1390 contemplabatur
507 1307 661 1390 tumque
688 1295 744 1363 ad
773 1293 1001 1388 marginem¹
1025 1291 1185 1364 tentorii
1206 1291 1310 1363 male
1342 1295 1525 1365 vestitam
1552 1298 1755 1370 mulierem
1792 1373 1793 1376 ,

130 1427 342 1524 conspexit.
409 1427 618 1499 Ho’sbuldo
642 1427 716 1498 illo
730 1427 871 1496 mulier
874 1423 1069 1516 formosa,
1096 1438 1287 1522 qautenus
1305 1427 1478 1521 conspici
1488 1430 1644 1523 potuit,
1671 1433 1756 1504 visa

129 1573 197 1634 est.
259 1561 357 1632 Tum
382 1559 636 1632 Hbskuldas:
691 1558 840 1649 Quanti
854 1559 928 1628 illa
937 1608 951 1647 ,
978 1559 1013 1628 si
1030 1584 1100 1654 ego
1120 1581 1255 1628 emero.
1311 1561 1460 1632 Gillias
1476 1563 1757 1656 respondebat:

131 1690 256 1764 tribus
273 1691 372 1763 milti
388 1689 536 1764 marcis
553 1693 710 1788 argenti
726 1691 868 1762 solutis
884 1691 998 1762 illam
1020 1717 1137 1764 emas.
1188 1691 1418 1762 Hoslouldus
1436 1718 1537 1784 aero,
1564 1695 1623 1775 ita
1642 1695 1753 1783 milii,

129 1824 275 1921 inquit,
300 1825 457 1897 videtur
480 1837 525 1896 ut
550 1827 666 1922 liujus
691 1827 854 1898 ancilloe
879 1825 1043 1897 nimium
1066 1813 1316 1897 constitueris
1328 1827 1524 1920 pretium,
1565 1827 1638 1898 lroc
1654 1830 1757 1901 enim

129 1959 277 2053 triplex
315 1959 492 2054 pretium
530 1972 598 2030 est.
680 1959 750 2030 an·
791 1959 961 2031 atrita..-
1007 1961 1151 2045 necte,
1205 1959 1356 2055 reqvie,
1404 1959 1478 2028 1200
1501 1959 1617 2051 oica,
1656 1965 1759 2060 qvod

126 2091 292 2175 maioris
335 2115 452 2186 qoam
485 2105 634 2162 ceteras
665 2093 791 2184 pretii
829 2092 944 2160 illam
983 2089 1216 2180 existimem,
1253 2114 1327 2186 age
1362 2115 1452 2163 aero
1487 2093 1586 2188 elige
1619 2119 1665 2164 ex
1692 2095 1755 2165 liis

127 2223 307 2295 undecim
348 2225 547 2320 aliquam,
599 2246 683 2320 qooe
720 2223 793 2292 tibi
834 2245 972 2292 marca
1013 2221 1170 2316 argenti
1214 2224 1361 2314 veniet,
1413 2223 1498 2294 boec
1540 2229 1654 2320 apud
1697 2253 1758 2300 rne

126 2353 353 2430 remanebit.
431 2355 528 2426 Tum
551 2354 826 2426 Hbskuldus:
850 2353 942 2423 Hoc
962 2353 1081 2448 prius
1102 2355 1275 2450 experiri
1297 2355 1339 2426 in
1361 2355 1495 2426 animo
1516 2369 1592 2444 est,
1625 2385 1754 2456 qvan-

129 2502 213 2562 tum
227 2477 383 2586 argenti
395 2488 437 2560 in
446 2488 522 2560 ltac
534 2512 719 2560 crumena
730 2511 845 2584 qvam
860 2511 971 2558 zonoe
984 2485 1144 2582 affixam
1156 2499 1267 2586 gesto
1282 2489 1553 2580 contineatur,
1569 2491 1758 2594 simulque

131 2623 300 2698 Gillium
317 2621 461 2692 libram
474 2646 623 2694 sumere
631 2620 808 2718 jubebat.
863 2619 935 2692 Cui
959 2623 1128 2693 Gillias:
1165 2623 1266 2692 Haec
1282 2623 1427 2720 inquit,
1461 2646 1522 2695 res
1552 2629 1756 2701 amesiae

129 2759 221 2830 dolo
227 2769 447 2852 peragetur
455 2807 467 2848 ‚
493 2781 587 2828 nam
602 2757 714 2829 baud
728 2757 806 2830 levi
831 2756 983 2848 defectu
1005 2755 1090 2827 nee
1118 2747 1261 2827 mulier
1288 2755 1467 2848 laborat,·
1494 2769 1609 2854 atqve
1627 2761 1700 2832 lzcc
1719 2775 1757 2834 te

8 2901 10 2938 ;
130 2889 241 2978 scire,
264 2891 481 2979 Hdslculdo,
509 2892 629 2982 volui,
661 2903 873 2987 antequam
895 2903 1032 2962 nostra
1050 2903 1145 2961 rata
1160 2888 1272 2982 fieret
1284 2901 1520 2963 mercatura.
1575 2895 1756 2969 Hdslcul-

8 3101 9 3106 ,
130 3025 205 3098 dus
223 3049 314 3099 cero
331 3027 510 3122 rogarit,
535 3026 714 3124 quidhoc
733 3026 797 3112 ¹rei
812 3038 921 3098 esset.
950 3043 954 3048 ·
986 3025 1135 3096 Gillias
1155 3023 1436 3121 respondebat.-
1484 3026 1586 3100 Hac
1612 3031 1756 3105 mulier
1826 3099 1828 3106 ,

128 3170 243 3232 muta
260 3171 336 3247 est,
370 3171 409 3230 et
434 3161 572 3232 multis
592 3161 743 3258 quidem
755 3159 881 3230 modis
904 3183 973 3254 ego
996 3159 1111 3231 illam
1136 3159 1192 3230 ad
1217 3159 1451 3258 colloquium
1460 3160 1649 3256 pellicere
1666 3177 1756 3237 sta-

8 3359 9 3364 ,
130 3294 201 3364 dui
207 3343 222 3382 ,
247 3317 316 3364 nec
333 3293 490 3366 verbum
504 3295 657 3388 quidem
681 3294 780 3362 milzi
801 3313 976 3388 unquam
997 3293 1219 3388 respondit,
1262 3293 1374 3386 idque
1395 3318 1474 3388 pro
1504 3307 1607 3366 certo
1630 3296 1757 3370 babeo

130 3427 248 3498 illam
266 3426 468 3516 mulierem
492 3426 604 3496 nullo
613 3437 739 3520 pacto
756 3425 863 3519 loqoi
874 3448 1005 3517 posse.
1064 3424 1295 3495 Hdskuldus
1323 3447 1431 3514 vero,
1465 3449 1591 3518 sume,
1627 3429 1755 3526 inqvit

131 3559 290 3648 libram,-
307 3559 571 3646 utoideamus
587 3567 775 3655 quantum
794 3555 862 3626 isti
882 3557 1013 3647 loculi,
1032 3581 1124 3654 qvos
1140 3556 1204 3626 nte
1220 3566 1338 3645 teneo,
1362 3559 1553 3651 ponderis
1571 3551 1755 3634 babeant.

130 3695 199 3769 Ita
219 3694 372 3793 qvidem
385 3691 492 3784 fecit
501 3691 671 3782 Gillius;
698 3701 976 3786 argentumque
987 3691 1255 3783 ponderatum
1272 3687 1391 3761 trium
1404 3713 1630 3766 marcarum
1647 3721 1755 3769 corn-

127 3843 287 3929 pertum
308 3840 368 3900 est
384 3827 586 3922 ponderis.
651 3825 686 3896 Τ
683 3850 748 3896 um
771 3825 1013 3898 Ho‘sluldus.
1070 3823 1138 3894 Ita
1148 3823 1240 3920 jam
1266 3817 1328 3896 res
1354 3825 1519 3914 recidit,
1563 3841 1607 3900 ut
1623 3845 1756 3904 actum

133 3968 236 4038 inter
270 3987 342 4035 nos
370 3975 504 4034 ratum
520 3961 636 4054 soret
663 3959 882 4055 negotium5
932 3958 1037 4031 lianc
1073 3971 1116 4032 tu
1142 3959 1271 4052 recipe
1289 3962 1522 4056 pecuniam5
1568 3989 1637 4062 ego
1666 3992 1756 4040 veru

134 4101 333 4172 mulierem
351 4053 561 4192 accipiam.
618 4093 776 4168 Videris
795 4117 889 4164 sane
905 4091 1008 4162 banc
1018 4115 1098 4162 rem
1115 4091 1296 4164 utibomo
1305 4093 1425 4190 frugi
1437 4097 1647 4192 peregisse,
1663 4125 1757 4173 nam

136 4234 289 4306 nullam
304 4243 443 4302 contra
461 4255 521 4301 me
537 4227 723 4301 adbibere
730 4227 923 4326 fraudem
938 4226 1109 4297 coluisti.
1160 4227 1314 4298 Deinde
1325 4227 1557 4300 H'a'skuldus
1572 4235 1628 4304 ad
1644 4259 1757 4311 suum

137 4367 254 4439 rediit
296 4363 604 4436 tabernaculum.
688 4363 834 4451 Eodem
876 4383 1032 4454 vespere
1071 4357 1302 4438 Hbslculdus
1346 4385 1431 4432 cum
1471 4363 1550 4434 ista
1594 4364 1757 4442 muliere

138 4499 352 4576 concubuit.
403 4499 483 4573 Die
501 4522 589 4571 cero
608 4509 795 4598 sequente,
823 4519 908 4566 cum
923 4481 1242 4568 nomines'vestes
1270 4493 1542 4589 induerentur,
1578 4499 1758 4573 Ho‘sknl-

138 4637 230 4708 dus:
253 4599 428 4734 parum,
459 4633 610 4730 inavit,
645 4629 946 4729 magnificentiae
972 4627 1215 4722 conspicitur
1238 4629 1279 4700 in
1305 4627 1389 4700 illis
1406 4631 1654 4724 vestimentis,
1673 4657 1759 4730 qooe

141 4757 305 4842 Gillias
325 4769 394 4839 ille
422 4767 547 4840 Dices
577 4766 648 4838 tibi
671 4765 863 4859 tradidit3
919 4776 965 4836 at
1009 4761 1082 4836 boc
1114 4763 1264 4860 qoidem
1288 4788 1444 4838 oerum:
1493 4769 1595 4861 qood
1614 4771 1758 4865 majori

140 4903 296 5001 negotio
315 4901 516 4976 duodecim
529 4925 644 5000 qoam
662 4901 732 4974 uni
749 4901 979 4975 vestimenta
986 4897 1255 4997 parabantur.
1311 4900 1407 4970 Tum
1415 4899 1641 4970 H'o'skaldus
1657 4904 1759 4974 cista
