4256 5730
890 513 982 599 348

121 755 278 825 tendere
290 751 479 844 statuisti,
495 755 598 826 hane
613 756 714 828 enim
730 782 913 830 caussam
931 759 1006 846 illi,
1022 759 1257 832 vehementia
1274 764 1402 860 magis
1417 789 1529 861 qvam
1539 767 1633 858 jure
1650 769 1741 856 def·-

105 886 280 977 sentient
288 911 301 976 ,¹
337 899 467 958 tamen
492 901 534 957 tu
557 887 925 986 ad'suscipiendam
946 896 1106 964 eandem
1137 895 1310 966 maxima
1342 897 1483 968 videris
1509 879 1740 970 necessitate
1808 905 1810 908 ’

115 1020 214 1114 cogi,
241 1015 278 1090 8<
296 1045 365 1090 nos
383 1021 529 1114 quidem
545 1021 769 1092 artnitemnr
781 1023 841 1092 uti
855 1023 939 1094 lsoec
955 1048 1097 1094 caussa
1113 1027 1189 1096 rite
1195 1011 1404 1120 procedat·
1433 1027 1617 1100 Arnorns
1632 1033 1741 1100 mul-

113 1165 201 1224 tum
218 1153 375 1246 collegit
391 1153 589 1224 hominurn
602 1154 894 1228 multitudinem
901 1182 915 1246 ,·
941 1157 1079 1227 deinde
1096 1159 1165 1230 ille
1182 1183 1266 1232 cum
1284 1161 1418 1232 Ballio
1442 1161 1499 1230 ad
1511 1175 1745 1234 conventum·

107 1287 317 1384 profectus
330 1298 399 1356 est.
454 1285 589 1358 Etiam
599 1286 760 1378 jrotres
781 1313 866 1360 cum
888 1291 1221 1362 multocomitatn
1243 1305 1468 1364 conventum
1491 1294 1625 1364 adiere
1649 1295 1738 1366 He-

107 1443 398 1515 granescnsem.
434 1417 562 1491 Bollii
580 1419 734 1489 itineris
753 1435 950 1516 comperta
960 1421 1095 1515 sumo,
1109 1449 1269 1496 causam
1279 1425 1483 1516 defendere
1499 1436 1735 1496 statuerant.

113 1556 264 1628 Verum
284 1551 349 1624 ubi
362 1552 418 1622 ael
433 1563 662 1622 conuentum
678 1565 830 1624 ventum
846 1568 916 1644 est,
937 1556 1095 1628 Ballius
1117 1556 1348 1650 Thorolsum
1365 1581 1554 1626 accusare
1574 1559 1734 1650 occepit,

110 1681 147 1757 8<
162 1683 410 1782 deffendendi
426 1683 628 1754 occasione
645 1683 792 1772 oblata,
814 1689 850 1758 T
845 1687 1062 1760 haroaldus
1080 1712 1128 1758 ac
1147 1689 1329 1760 Starrius
1348 1713 1433 1758 cum
1451 1683 1521 1757 suo
1542 1688 1731 1758 comitatu

102 1818 321 1916 progressi,
346 1817 385 1890 ei
402 1841 451 1886 as
468 1816 700 1914 impotentia
716 1819 892 1891 Bollium
913 1845 939 1890 a
962 1843 1102 1890 caussa
1119 1791 1312 1916 depellere
1325 1831 1552 1892 statuerant
1557 1870 1571 1908 ,
1598 1818 1733 1915 quibus
1780 1833 1784 1840 '

109 1950 328 2048 conspectis
343 1947 527 2019 Arnorns
546 1973 631 2018 cum
650 1975 720 2020 sno
740 1952 928 2024 comitatu
950 1952 1167 2024 intercessit
1191 1953 1346 2026 dicens:
1383 1949 1619 2022 tutissimum
1646 1975 1731 2020 om-

106 2083 224 2156 nibus
249 2095 307 2153 est
330 2105 484 2152 cavere:
517 2105 565 2152 ne
587 2092 646 2176 tot
656 2094 898 2176 proestontes
923 2083 1010 2172 viri,
1036 2095 1126 2179 quot
1140 2086 1232 2178 jam
1252 2084 1471 2154 intenditur
1492 2083 1728 2178 periculum,

103 2214 298 2288 molestiis
315 2213 567 2308 implicentur
581 2227 652 2285 aut
670 2240 696 2284 a
716 2239 946 2286 caussarum
962 2238 1122 2288 suarum
1139 2241 1243 2314 oeqeo
1250 2217 1344 2312 jure
1368 2217 1632 2310 depellantur,
1660 2235 1728 2282 nec

104 2372 259 2442 oeqvum
283 2357 342 2416 est
361 2347 589 2437 iborolfum
607 2349 648 2419 in
672 2349 749 2420 tali
774 2373 915 2420 caussa
933 2349 1126 2440 adjuvare
1143 2343 1183 2420 δε
1203 2345 1287 2452 tibi?
1301 2338 1556 2420 'therealdo'
1598 2345 1725 2417 multu

104 2479 143 2548 vi
161 2501 261 2570 opus
274 2477 362 2560 erit,
384 2477 535 2548 siniret
553 2479 799 2572 experiendae
813 2493 915 2550 sunt.
966 2479 1059 2550 lam
1080 2481 1110 2552 Ἰ
1111 2479 1326 2552 haroaldus
1342 2503 1393 2548 aa
1406 2478 1586 2550 Starrius
1605 2477 1726 2546 intel-

104 2612 234 2680 lexere
247 2609 405 2678 selrornl
418 2609 606 2702 impedire
622 2635 740 2704 posse
756 2633 907 2682 caussoe
917 2635 1157 2707 processum,
1174 2612 1285 2681 band
1300 2611 1401 2680 enim
1413 2607 1651 2682 ‘illiArnoro
1677 2629 1726 2676 ac

105 2742 218 2811 illius
233 2739 435 2810 comitibus
447 2765 569 2834 pares
576 2742 695 2832 serere
718 2741 876 2829 viribus,
903 2745 1033 2838 itaque
1055 2741 1261 2812 cessabant
1280 2743 1517 2810 contendere.
1564 2739 1724 2810 Bollius

109 2873 341 2960 Hotoman
364 2871 670 2942 Gubernatorem
699 2877 738 2944 in
759 2887 947 2944 conventu
960 2875 1265 2968 Hegranesensi,
1289 2872 1407 2941 credis
1429 2873 1546 2942 Oluvi
1567 2868 1725 2964 cognati

103 3005 289 3074 suireum
308 3002 523 3070 damnavit.
584 3005 888 3070 I’osteadomurn
903 3002 1016 3070 abiit.
1066 3001 1721 3074 ArnorusacBolliusmultacum

103 3134 285 3206 amicitia
311 3133 580 3204 discesserunt.
640 3131 731 3200 lam
745 3133 903 3209 Bollius
930 3135 1079 3228 quietus
1103 3131 1210 3202 domi
1222 3129 1382 3201 mansit.

705 3369 835 3455 CAP.
884 3369 1121 3453 LXXXII.

312 3491 1717 3624 Thorgrimuserutnornerwir05eiinllrutasjiirdocubductaeratnavis.

52 3755 56 3758 ,
105 3661 578 3760 Εοδίαῑτίιιςοοιιιίιαιιτε
592 3660 779 3754 leorolfo
797 3685 887 3756 eqeo
905 3675 1035 3734 vectus
1050 3673 1118 3730 est.
1145 3659 1324 3730 Starrius
1337 3656 1637 3754 gubernatorem
1661 3653 1719 3722 ita
1772 3689 1777 3698 ,

106 3798 306 3865 allocutus
322 3807 400 3868 est:
425 3795 586 3890 ln'cjam
605 3796 666 3867 eir
684 3797 809 3884 adest,
834 3819 938 3890 qvem
951 3819 1021 3890 ego
1042 3794 1176 3866 vellem
1201 3803 1237 3862 te
1262 3791 1437 3888 excipere
1456 3812 1505 3859 ac
1535 3787 1590 3856 ad
1613 3795 1719 3866 ente-

24 3939 26 3944 '
105 3925 399 4014 rosabducere5
434 3922 532 3995 &tu
550 3950 692 4020 qvoqve
722 3939 800 3996 tres
827 3927 927 3998 istas
960 3928 1117 4024 argenti
1139 3947 1296 3996 marcos
1331 3924 1510 4018 accipias
1530 3940 1723 4012 meamque
1806 3917 1810 3926 '

104 4055 324 4127 amicitiam
342 4057 471 4126 simul.
534 4057 788 4150 Thorgrirnus
812 4060 1037 4153 respondit:
1076 4058 1166 4128 Hoc
1192 4056 1265 4126 tibi
1276 4053 1463 4150 perficere
1491 4051 1602 4124 baud
1622 4048 1723 4128 mini

104 4187 379 4260 videturcitra
396 4187 683 4283 difficultatem,
717 4199 846 4259 tamen
866 4205 1037 4284 propter
1052 4187 1350 4282 flagitationem
1378 4197 1487 4254 tuam
1514 4204 1583 4276 ego
1609 4179 1722 4248 illum

106 4321 317 4418 accipiam,
332 4321 405 4392 etsi
416 4320 493 4393 uiri
508 4332 689 4414 aspectus
696 4319 807 4391 leand
823 4322 1082 4415 multamfati
1095 4317 1373 4415 benignitatem
1390 4313 1567 4384 indicare
1583 4311 1722 4383 videa-

107 4467 182 4522 tur.
235 4455 324 4526 lom
345 4453 555 4546 Tharolsus
582 4453 624 4523 iu
642 4427 900 4525 mercatorum
919 4455 1141 4526 societatem
1159 4450 1357 4546 pervenit5
1382 4447 1561 4562 Starrius
1590 4451 1721 4514 nutem

107 4587 166 4653 ita
184 4599 276 4653 acta
298 4611 338 4654 re
356 4588 508 4657 domum
526 4587 653 4656 rediit.
705 4587 767 4658 De
785 4587 921 4657 Ballio
943 4601 1073 4658 autem
1096 4583 1398 4670 memorandum,
1424 4581 1522 4676 qvod
1550 4570 1722 4662 Thorolfi

106 4739 289 4784 caussam
306 4717 511 4812 reputanti
536 4717 646 4787 haud
667 4719 823 4789 omnino
848 4744 909 4788 res
936 4731 1142 4792 transacta
1165 4713 1392 4800 ridebatur,
1435 4713 1470 4780 si
1508 4703 1721 4794 lncrolsus

104 4843 310 4942 effugerem
341 4851 429 4947 jam
458 4873 646 4923 verorum
673 4851 728 4922 nd
753 4876 887 4926 narem
908 4853 1131 4948 pervenisse
1153 4851 1349 4924 andierat.
1408 4839 1563 4914 Bollius
1587 4837 1730 4933 itaque.
1773 4957 1783 4968 .
