4262 5722
829 514 1041 636 ...Q

132 761 399 834 instituebont.
450 761 598 833 Exorto
621 772 752 832 autem
777 773 896 833 cantu
915 761 1088 855 magico,
1130 761 1212 848 illi,
1251 761 1313 857 qui
1335 739 1591 852 intusorant,
1631 770 1741 844 baud

129 919 223 978 sane
248 893 536 987 intelligebant,
561 895 654 988 quid
675 895 747 966 boc
774 895 832 966 rei
853 905 970 984 esset,
991 893 1166 987 pulchra
1196 907 1326 966 autem
1350 899 1525 970 canentis
1546 901 1632 970 uisa
1656 927 1737 974 uox.

128 1027 243 1098 sotus
259 1029 416 1104 Hrutus
431 1027 533 1098 bunc
557 1051 692 1100 sonum
719 1027 918 1124 cognouit,
945 1026 1167 1122 rogavitque
1184 1049 1230 1095 ue
1252 1027 1335 1122 qvis
1355 1054 1400 1098 eo
1421 1043 1530 1100 nocte
1546 1057 1565 1100 e
1577 1032 1739 1122 foribus

120 1160 381 1254 prospiceret,
408 1173 522 1258 utque
547 1159 726 1256 quilibet,
758 1171 945 1256 quantum
965 1158 1076 1252 potis
1101 1171 1209 1246 esset,
1238 1183 1278 1228 se
1307 1183 1333 1228 a
1357 1155 1488 1232 somno
1514 1163 1738 1252 abstineret,

125 1305 291 1403 tumque,
310 1291 344 1364 si
366 1294 573 1398 itafacere
591 1293 851 1380 instituerent,
878 1292 939 1362 nil
956 1291 1055 1362 mali
1080 1290 1163 1360 illis
1188 1292 1346 1364 illatum
1359 1293 1455 1384 fore
1482 1293 1735 1388 confirmavit.

125 1427 267 1496 Omnes
286 1417 415 1499 iumen
436 1451 568 1497 somno
587 1425 776 1520 oppressi.
828 1425 987 1496 Hrutus
1011 1391 1229 1496 diutissime
1247 1395 1420 1496 somnum
1444 1425 1626 1517 evitavit,
1670 1439 1736 1496 tn-

119 1581 208 1628 men
223 1551 261 1628 8<
276 1558 345 1629 iile
367 1559 527 1653 denique
545 1581 678 1630 somno
704 1559 839 1630 uictus.
898 1555 1029 1628 Filius
1053 1568 1141 1626 erat
1162 1557 1295 1628 Hruto
1317 1557 1452 1630 Karus
1474 1558 1626 1628 nomine
1650 1559 1742 1630 XII

121 1703 204 1761 tum
220 1713 348 1760 annos
370 1667 506 1779 natus,¹
522 1691 649 1760 Hruti
659 1689 841 1782 filiorum
859 1690 1018 1784 optimae
1034 1689 1118 1782 spei
1136 1690 1376 1778 adolescens,
1401 1692 1516 1783 patri
1538 1690 1653 1760 valde
1671 1663 1747 1758 di?

120 1825 266 1914 iectus3
287 1823 354 1894 uix
370 1822 438 1894 ille
455 1847 622 1917 unquam
641 1822 956 1910 obdormiscebat,
977 1821 1040 1890 illi
1054 1821 1155 1890 enim
1175 1821 1355 1914 veneficia
1367 1822 1586 1916 plurimum
1604 1821 1735 1890 inten-

119 1955 339 2043 debentur,
367 1955 482 2022 illi
445 1979 508 2026 νιιι
527 1957 613 2026 ulla
638 1979 817 2026 concessa
836 1955 949 2052 qvies.
988 1953 1122 2024 Karus
1136 1974 1297 2043 surgens
1316 1977 1336 2021 e
1343 1953 1501 2044 foribus
1514 1955 1735 2046 prospexit,
1798 2007 1803 2019 .

117 2084 158 2158 ὃς
178 2089 304 2156 locum
325 2083 516 2175 ueneficiis
535 2087 755 2196 infectum'
743 2109 956 2180 ingressus,
983 2094 1158 2152 mortuus
1174 2061 1287 2151 immi
1302 2081 1524 2176 procubuit.
1578 2087 1735 2154 Hrutus
1756 2161 1762 2170 ¹

117 2244 207 2291 eum
224 2210 393 2309 familia
414 2215 549 2308 prima
568 2219 837 2288 luccesomno
855 2213 1132 2306 excitatus,fi
1133 2213 1229 2284 irum
1249 2213 1380 2285 abesse
1405 2215 1612 2308 comperit,
1652 2227 1733 2284 tum

117 2351 190 2422 ilie
213 2348 324 2420 baud
347 2351 494 2442 procul
515 2373 540 2418 a
555 2345 716 2438 foribus
738 2357 913 2418 mortuus
940 2357 1126 2440 repertus.
1190 2345 1433 2416 Gravissima
1465 2346 1553 2417 inde
1577 2347 1734 2418 Hrutus

116 2479 288 2578 affectus
312 2481 462 2566 dolore,
503 2481 657 2550 Karum
681 2479 829 2550 tumulo
857 2478 1041 2548 condidit.
1101 2477 1253 2552 Deinde
1274 2479 1331 2546 ad
1353 2479 1517 2548 Olaoum
1533 2479 1733 2550 Hiiskuidi

103 2614 246 2710 filium
262 2633 355 2706 equo
378 2621 526 2700 vectus,
564 2611 708 2707 iiiique,
736 2633 820 2706 qua
830 2609 947 2702 facta
969 2621 1107 2698 essent,
1131 2609 1372 2680 memoravit.
1396 2608 1467 2680 Ad
1481 2610 1564 2680 bac
1586 2616 1732 2684 Olauus

116 2749 184 2818 ira
209 2741 470 2839 effervescere,
502 2743 683 2838 valdeque
709 2745 873 2814 stultum
887 2743 1091 2836 judicare,
1125 2743 1223 2838 quod
1240 2754 1322 2812 tam
1344 2741 1540 2837 improbos
1561 2743 1734 2812 homines

114 2880 179 2953 uti
194 2889 295 2950 esset
309 2877 565 2947 Kotlcelliona
580 2901 676 2972 gens
696 2876 771 2946 sibi
797 2888 880 2946 tam
896 2876 1140 2972 propinquos
1153 2876 1333 2970 perpessi
1350 2875 1447 2961 sint,
1486 2875 1732 2944 Tborieilcum

115 3014 159 3084 in
188 3009 356 3104 negotiis
381 3031 466 3074 cum
488 3007 621 3076 Hruto
643 3009 792 3076 malam
820 3006 894 3074 sibi
917 2995 1141 3098 portionem
1164 3008 1403 3096 uindicasse,
1437 3003 1579 3098 'majus
1603 3019 1732 3074 tamen

113 3165 238 3242 qvam
253 3139 320 3207 ille
336 3135 564 3206 intendisset
579 3139 764 3208 damnum
780 3135 950 3218 illatum,
970 3132 1174 3204 arbitrari.
1192 3135 1567 3207 OlavusKotlcellum
1584 3139 1732 3232 ejusque

113 3295 281 3348 uxorem
299 3281 414 3363 atqve
420 3267 533 3357 filios
550 3271 686 3338 statim
710 3265 963 3336 trucidandos
970 3265 1190 3357 judicavit,
1217 3278 1345 3336 tamen
1364 3267 1500 3358 idjam
1519 3279 1599 3334 tum
1616 3265 1732 3334 nimis

113 3401 303 3496 serofieri
313 3395 622 3495 conquerebatur.
646 3391 1000 3469 Olauus&Hrutus
1014 3418 1100 3464 cum
1109 3395 1195 3468 XV
1197 3393 1416 3466 bominibus
1425 3394 1608 3488 profecti.
1627 3393 1731 3464 Kot-
1764 3455 1777 3482 ,

113 3537 299 3611 kelliano
314 3557 409 3627 gens
431 3543 561 3600 autem
588 3553 671 3599 cum
695 3529 868 3598 homines
891 3527 947 3596 ad
962 3549 1075 3596 suam
1097 3527 1236 3598 uillam
1256 3528 1430 3621 equitare
1456 3524 1731 3618 conspicerent,
1772 3535 1776 3540 “

115 3675 159 3742 in
187 3678 356 3740 montem
379 3663 630 3757 aufugerunt.
693 3659 755 3730 Ibi
774 3655 1037 3754 Hollbjiirnus
1062 3657 1389 3754 Sltlcisteinsaugo
1413 3669 1572 3752 captus,
1609 3667 1732 3749 caput

114 3804 232 3874 culeo
262 3798 441 3886 illatum,
492 3795 696 3890 statimque
722 3791 895 3862 homines
917 3791 974 3882 ad
1000 3789 1293 3867 custodiendum
1320 3790 1450 3878 electi,
1502 3790 1576 3859 aiii
1599 3799 1730 3858 autem

111 3931 345 4009 Kotbellum
362 3939 477 4020 atque
496 3928 673 3995 Grimam
692 3925 733 3993 in
753 3924 960 4016 superiora
981 3922 1170 3992 montium
1182 3921 1390 4014 persecuti.
1440 3920 1644 3994 Kotlcellus
1662 3931 1731 3989 at-

66 4058 69 4066 ’
101 4070 190 4164 'que
204 4061 344 4132 Grima
363 4058 404 4127 in
422 4056 526 4142 colii,
544 4055 605 4148 qui
620 4053 904 4122 Haabadalum
920 4051 1254 4122 acLaxardalum
1271 4053 1484 4149 interjacet,
1504 4053 1625 4146 capti,
1653 4049 1731 4120 ibi-

112 4221 191 4296 que
209 4187 411 4286 lapidibus
431 4185 558 4256 obruti
575 4207 688 4278 usque
711 4185 801 4252 dum
818 4195 1069 4266 morerentur,
1092 4181 1212 4252 etiam
1235 4185 1525 4279 superingestus
1551 4183 1733 4278 lapidum

111 4327 312 4420 cumulus,
324 4321 432 4412 cujus
442 4317 570 4388 adbuc
586 4316 749 4410 uestigia
762 4325 981 4405 remanent,
995 4334 1087 4384 nam
1098 4311 1523 4411 Skrattauarda(Meta
1532 4311 1734 4406 daemonis)

113 4465 209 4534 loco
230 4478 378 4528 nomen.
432 4450 647 4544 Stigandus
664 4468 797 4520 uersus
816 4446 1016 4522 meridiem
1034 4447 1075 4516 in
1090 4447 1376 4555 Haubadalum
1398 4451 1556 4547 aufugit
1573 4449 1694 4542 ibique
1713 4469 1733 4513 e
1851 4522 1856 4530 .

114 4597 335 4680 conspectu
351 4581 529 4654 sublatus
545 4594 611 4652 est.
660 4580 815 4668 Deinde
830 4579 988 4650 Hrutus
1017 4601 1101 4674 cum
1115 4576 1220 4677 filiis
1241 4579 1521 4676 Haiibjbrnum
1547 4583 1602 4654 ad
1624 4597 1755 4677 mare,

110 4719 364 4818 perduxere,
405 4715 639 4807 deductaque
664 4712 795 4784 narie
819 4723 925 4784 terra
948 4710 1194 4808 remigabant
1202 4736 1214 4807 3
1241 4715 1390 4789 culeum
1406 4714 1543 4786 deinde
1559 4733 1584 4779 a
1603 4704 1734 4800 capite

1495 4842 1532 4911 U
1587 4851 1592 4858 .
