4262 5722
821 511 1033 630 ..25-

122 759 257 834 statim
276 756 483 836 celebrata.
549 757 645 830 Tum
660 777 749 830 cero
765 755 931 828 multum
947 741 1166 828 concessum
1181 760 1491 836 Lnxdalensium
1510 764 1727 858 nobilitati,

119 918 283 990 namque
295 895 352 964 ad
369 890 461 960 illos
474 889 615 964 mulier
629 892 783 962 domum
798 887 1070 960 deducebatur.
1124 890 1318 986 Nuptiale
1333 897 1563 984 convivium,
1580 914 1626 970 ut
1643 903 1732 976 VH
1804 953 1809 970 .

117 1026 351 1120 septimanis
366 1034 461 1094 ante
470 1020 587 1116 finem
604 1017 933 1116 astatis¹2fieret
965 1022 1277 1095 H'o'slculdstodis
1293 1028 1532 1100 destinatum
1547 1045 1614 1102 est.
1642 1036 1729 1106 1²0-

116 1171 201 1228 stea
211 1157 439 1230 Hbskuldus
455 1155 646 1250 abEgillo
661 1153 892 1242 discedebat,
907 1166 1030 1248 pater
1043 1168 1157 1250 atqve
1160 1154 1275 1249 filius
1287 1160 1606 1231 Hoslulclstados
1621 1167 1726 1259 eqcis

116 1287 235 1378 cocti,
255 1313 333 1385 per
347 1301 523 1360 testatem
538 1289 644 1362 domi
659 1287 889 1373 manebant,
906 1287 1067 1382 jamqve
1082 1289 1210 1382 quieto
1229 1291 1370 1360 omnia.
1424 1293 1577 1364 Deinde
1590 1297 1728 1367 convi-

114 1422 222 1497 vium
240 1421 551 1494 Hbsknldstadis
575 1423 702 1492 multa
730 1444 815 1490 cum
841 1418 1106 1510 munificentia
1133 1421 1420 1513 instauratum,
1466 1429 1602 1500 multae
1624 1431 1726 1500 enim
1832 1461 1836 1468 ·

116 1579 209 1654 opes
214 1555 332 1649 suere
338 1579 353 1644 ,·
380 1555 553 1626 conviva
573 1553 770 1626 destinato
789 1565 959 1645 tempore
976 1553 1166 1624 advenere
1171 1579 1186 1642 ,·
1221 1557 1592 1651 Borgsjiirdensium
1609 1585 1725 1656 mag-

113 1713 189 1762 nus
221 1687 357 1782 adsuit
386 1711 578 1760 numerus.
645 1686 708 1758 Ibi
731 1684 890 1782 Egillus
919 1685 1072 1779 qusque
1084 1683 1200 1777 filius
1230 1687 1482 1760 Tleorsteinus
1516 1685 1554 1760 8<
1576 1715 1724 1784 sponsa

111 1823 233 1894 simul
254 1821 497 1916 iniignesqve
522 1823 604 1917 ejus
624 1819 794 1914 regionis
819 1817 907 1904 ciri.
966 1818 1195 1888 Hbslculdus
1217 1843 1360 1914 qvoqve
1376 1823 1522 1892 multos
1537 1825 1724 1898 mortales

110 1965 406 2026 convocaverat.
461 1949 716 2048 Magnificum
728 1950 831 2020 illud
838 1950 930 2041 fuit
949 1949 1187 2038 convicium5
1213 1950 1400 2028 honorati
1414 1952 1636 2024 muneribus
1653 1957 1722 2024 di-
1772 2038 1774 2044 Ι

108 2085 221 2155 missi
237 2083 424 2154 conviva.
478 2083 583 2151 Tunc
604 2081 752 2150 Olavus
770 2081 877 2148 dedit
891 2079 1025 2171 Egillo
1043 2079 1237 2180 gladium,
1256 2105 1363 2172 qvem
1379 2083 1638 2176 Myrkjortan
1657 2088 1720 2156 illi

107 2218 286 2302 dederat,
311 2239 354 2285 eo
372 2235 529 2284 munere
545 2213 712 2282 multum
728 2209 889 2280 lutatus
906 2207 1085 2304 Egillus5
1110 2209 1214 2282 nibil
1231 2210 1271 2280 in
1290 2235 1333 2283 eo
1350 2185 1526 2286 convivio
1542 2216 1635 2288 novi
1648 2241 1721 2289 ac-

108 2349 231 2420 cidit:
264 2347 322 2416 ita
340 2347 495 2418 domum
512 2344 730 2414 discessum.

746 2545 876 2650 CAP.
914 2561 1088 2650 XXIV.

313 2709 476 2818 olavus
490 2755 604 2840 atqve
617 2742 841 2838 leorgerdn
850 2741 1160 2814 Hiiskulilstadis
1176 2741 1399 2836 manebant,
1414 2747 1580 2822 multum
1597 2773 1637 2822 se
1652 2751 1718 2824 in-

104 2881 232 2954 vicem
246 2878 461 2973 diligentes.
498 2875 681 2948 Omnibus
697 2876 770 2972 boc
785 2875 1036 2970 conspicuum
1052 2876 1167 2946 illam
1180 2877 1379 2948 mulierem
1396 2903 1476 2950 esse
1484 2903 1718 2974 generosam

103 3013 177 3082 sed
194 3009 364 3106 qvotidie
371 3031 520 3100 parum
535 3007 575 3076 in
591 3007 734 3076 alienis
750 3007 916 3100 negotiis
928 3005 1081 3076 versari
1086 3029 1101 3094 ,·
1130 3007 1276 3076 Verum
1294 3009 1329 3076 si
1346 3011 1409 3080 cui
1421 2997 1575 3104 negotio
1590 3013 1718 3084 Tbor-

99 3143 234 3239 gerda
248 3163 326 3208 sese
339 3135 596 3224 immiscebat,
622 3114 703 3206 tum
720 3137 824 3207 illud
836 3136 1065 3224 necessario,
1086 3117 1193 3230 ¹qvod
1207 3137 1287 3230 ipsi
1295 3139 1488 3230 placeret,
1505 3140 1718 3233 perficien-

101 3278 214 3346 dum·
271 3271 333 3344 Ea
356 3269 491 3362 liyeme
514 3269 663 3338 Olacus
681 3279 796 3359 atqve
817 3266 1042 3357 Tliorgercla
1055 3289 1133 3357 per
1152 3265 1252 3334 vices
1268 3267 1578 3338 Hosluldstadis
1603 3285 1719 3363 atqve

102 3404 224 3500 apud
246 3401 493 3470 educatorem
511 3395 629 3467 Olari
653 3393 1004 3466 commorabantur.
1060 3395 1161 3468 Vere
1186 3395 1334 3465 Olovus
1351 3396 1621 3468 Goddastadis
1645 3401 1720 3472 do·-

100 3533 312 3608 mosticam
326 3529 530 3623 amplexus
546 3549 646 3616 rem,·
685 3537 860 3621 seqvente
878 3534 1016 3594 esstote
1035 3525 1213 3596 Tbordus
1232 3525 1393 3598 Goddus
1409 3527 1542 3599 morbo
1555 3553 1717 3627 correp·
1842 3517 1848 3530 “

103 3682 174 3740 tus
197 3664 358 3758 indeqve
378 3673 566 3732 mortuus.
628 3659 751 3730 Illum
779 3655 928 3729 tumulo
959 3657 1198 3727 condendum
1233 3657 1381 3729 Olenus
1413 3661 1569 3733 curavit
1600 3663 1642 3734 in
1671 3689 1717 3736 eo

96 3787 399 3896 promontorio,
437 3793 538 3889 qvod
554 3791 595 3862 in
611 3790 763 3884 flumen
777 3789 896 3860 Loxa
909 3789 1155 3882 prominens,
1192 3787 1514 3880 Drafnarnesum
1531 3806 1716 3890 vocatur,

97 3927 355 4026 propinqruo
368 3937 426 3996 est
440 3923 587 3994 tumulo
603 3945 734 4015 agger,
750 3945 857 4014 qvem
865 3915 1346 4014 Haugsgardum(tumuli
1361 3922 1554 4020 aggerem)
1564 3939 1717 3998 cocant.

105 4061 212 4132 Tum
234 4055 350 4128 multi
372 4054 561 4124 mortales
584 4053 640 4121 ad
655 4053 823 4124 Olavum
845 4076 884 4120 se
905 4061 1143 4136 convertere,
1180 4072 1436 4146 nwgnamqve
1459 4056 1528 4127 ille
1545 4058 1719 4152 adipisci

95 4188 309 4288 principis
329 4185 572 4278 dignitatem.
637 4183 718 4252 Nec
740 4181 827 4252 ulla
849 4181 1056 4250 Hoslulclc
1073 4177 1190 4274 hujus
1206 4182 1264 4248 rei
1281 4181 1455 4274 invidia,
1493 4210 1589 4260 sane
1615 4191 1718 4260 enim

100 4318 249 4407 voluit,
268 4317 387 4388 Olari
400 4314 677 4386 auctoritatem
694 4311 736 4382 in
753 4308 927 4382 omnibus
942 4309 1092 4380 caussis
1105 4309 1319 4405 majoribus
1335 4317 1564 4390 consultari.
1601 4321 1719 4394 Olavi

89 4449 332 4547 familiaris
348 4470 422 4538 res,
435 4467 582 4536 earum,
596 4465 681 4540 qva
694 4441 736 4514 in
747 4441 985 4514 Laaardclo
1001 4453 1138 4527 essent,
1146 4439 1446 4536 florentissima.
1496 4450 1589 4525 Duo
1604 4464 1719 4526 erant
1807 4417 1814 4424 Ι

100 4605 383 4628 ffl

152 4687 188 4771 ⁸⁸)
213 4691 282 4764 Sic,
314 4707 490 4770 quanquam
511 4684 602 4746 baud
621 4687 742 4744 usitata
768 4688 811 4745 sit
833 4683 966 4764 phrasis
988 4687 1025 4746 in
1045 4683 1103 4744 lsoc
1115 4701 1217 4746 sensu.
1273 4687 1338 4748 Sed
1348 4693 1476 4751 comitia
1490 4689 1594 4749 nudie
1610 4698 1718 4747 astate

239 4791 323 4867 fieri·
341 4791 495 4861 solebant,
523 4792 628 4870 itaque
652 4807 713 4848 non
732 4811 900 4868 possumus
922 4801 1055 4853 vertere.-
1083 4809 1152 4851 cum
1176 4791 1249 4856 VII
1266 4795 1390 4851 astarte
1411 4797 1594 4874 septimana
1618 4799 1718 4848 essent

249 4895 373 4973 elapsa.
419 4895 507 4958 Aliis
529 4893 579 4956 ”st
595 4893 658 4956 VII
678 4891 773 4956 vibus
788 4892 909 4959 frestit’.
