4282 5714
142 815 199 888 ita
217 829 310 888 octa
330 817 490 888 re'male
507 817 731 900 'conteitiss'3
763 814 930 886 inultam
953 799 1029 882 sibi
1057 812 1098 884 in
1121 813 1184 884 lu's
1209 803 1375 910 negotiis
1393 807 1553 888 illat'am
1569 817 1758 912 injuriam

142 950 447 1046 indignabatur,
473 950 514 1019 in
544 949 684 1019 insulis
709 960 844 1018 tamen
863 949 1053 1018 remansit
1081 947 1124 1017 id
1148 971 1243 1019 sane
1256 951 1471 1036 meditans,
1487 951 1682 1048 quomodo
1701 950 1756 1018 il·-

141 1085 222 1154 lum
237 1085 405 1178 erig‘eret
415 1105 556 1154 uncum
568 1081 632 1178 qui
649 1083 748 1153 adeo
767 1081 1072 1152 invitandactus
1081 1093 1189 1154 esset.
1242 1082 1394 1154 Hellas
1411 1086 1658 1160 autemcitra
1670 1107 1755 1156 om·-

138 1241 226 1286 nem
262 1216 361 1286 mali
384 1215 646 1308 suspicionem
666 1215 867 1286 neminem
896 1225 1010 1290 ratus
1037 1226 1097 1286 est
1123 1214 1164 1284 in
1187 1215 1313 1310 ipsius
1343 1217 1544 1295 territorio
1566 1241 1757 1299 ausurum

137 1371 264 1428 secum
283 1347 522 1420 contendere.
577 1346 741 1425 Accidit,
755 1317 926 1442 qbadam
940 1348 1013 1436 die,
1033 1371 1120 1418 cum
1134 1349 1273 1418 sudum
1296 1351 1444 1429 coelum
1461 1365 1572 1442 esset,
1589 1352 1754 1424 utHal-

139 1485 200 1554 lus
221 1505 307 1552 cum
334 1477 482 1550 duobus
508 1479 625 1550 sociis
649 1480 690 1548 in
713 1480 873 1574 navigio
893 1480 1167 1576 vehereturad
1176 1481 1460 1580 piscationem,
1485 1485 1612 1554 multa
1629 1511 1672 1554 eo
1691 1484 1754 1556 die

137 1627 331 1710 captura,
364 1636 522 1706 vespere
545 1613 755 1694 admodum
779 1612 929 1684 bilares
955 1616 1109 1718 domum
1138 1613 1377 1724 repetebant.
1441 1616 1652 1707 leorolsus
1669 1640 1754 1686 orn-

137 1747 382 1864 nibusmqvce
405 1747 557 1818 Helius
577 1747 863 1838 eadieageret,
888 1746 1127 1840 exploratis,
1164 1771 1294 1842 prope
1322 1749 1438 1819 novis
1469 1751 1678 1819 stationem
1713 1748 1755 1817 in

137 1879 499 1988 littoreconstitit,
538 1901 623 1950 cum
638 1879 792 1948 Hallus
819 1902 976 1972 uespere
1005 1904 1089 1949 cum
1117 1881 1233 1949 sociis
1260 1881 1318 1950 ad
1346 1893 1493 1952 terram
1520 1883 1750 1977 appelleret,
1859 1911 1862 1916 ·

133 2013 287 2084 Hallus
323 2011 365 2081 in
399 2021 528 2106 prora
561 1992 769 2104 remigaeit
796 2003 834 2079 8(
862 2036 882 2080 e
908 2011 1071 2103 nauigio
1103 2013 1306 2104 prosiluit,
1338 2025 1383 2081 ut
1417 2013 1521 2082 illud
1546 1986 1751 2108 exciperet,
1843 1999 1848 2008 ’

134 2136 290 2242 quando
311 2145 367 2213 ad
391 2153 537 2212 terram
567 2141 858 2235 appellaretur5
897 2143 1110 2217 interram
1132 2151 1262 2212 autern
1282 2143 1558 2235 egredientem,
1584 2142 1753 2214 adstans*

138 2273 346 2370 Tltorolsus
369 2260 448 2343 ictu
471 2275 607 2343 statim
624 2271 791 2376 petivit,
825 2274 893 2342 ille
917 2258 1047 2343 autem
1077 2275 1176 2343 ictus
1199 2273 1343 2344 sollum
1361 2275 1509 2365 ferivit
1525 2279 1646 2374 juxta
1673 2277 1753 2347 bu-

133 2437 259 2484 meros
278 2411 336 2480 ita
359 2421 403 2479 ut
420 2419 543 2504 caput
560 2408 773 2497 decideret3
809 2408 867 2476 itu
893 2419 985 2476 ecta
1009 2430 1051 2477 re
1079 2407 1290 2499 Thorolsus
1313 2407 1475 2502 aufugit
1481 2435 1504 2500 ,·-
1528 2409 1650 2482 Halli
1670 2433 1749 2480 au-

134 2557 211 2617 tem
236 2543 331 2615 socii
360 2541 525 2613 attoniti
545 2539 863 2612 circumstabant.
911 2539 1014 2611 'Jam
1042 2539 1107 2610 liic
1136 2541 1298 2611 nuntius
1327 2542 1374 2610 de
1391 2541 1522 2612 Hallo
1542 2544 1749 2636 interfecto

11 2679 13 2726 ³
130 2704 205 2777 per
220 2678 373 2748 insulas
390 2677 549 2772 vulgari
564 2689 679 2771 atque
696 2677 736 2745 in
753 2659 909 2770 magnis
923 2673 1121 2747 eventibus
1136 2673 1274 2747 baberi
1281 2674 1454 2767 ‚fuerat
1468 2678 1571 2759 enim
1593 2689 1655 2750 etr
1674 2701 1750 2774 gea

11 2811 12 2842 ¹
133 2837 222 2884 nere
244 2809 394 2881 ¹nobilis
426 2811 601 2904 quamvis
618 2810 788 2900 fortuna
810 2807 1136 2878 minussecunda
1163 2829 1267 2878 usus.
1342 2809 1438 2880 Tum
1466 2809 1677 2904 Tborolfus
1703 2829 1750 2884 eit

12 3007 13 3040 ζ
134 2945 273 3017 insulis
292 2943 482 3037 aufugere
505 2943 676 3030 studuit,
722 2943 872 3012 nullius
894 2941 996 3012 enim
1020 2939 1190 3012 hominis
1212 2939 1266 3010 ibi
1293 2943 1479 3014 notitiam
1494 2943 1654 3034 babuit,
1682 2948 1747 3040 qui

12 3091 13 3150 1
128 3092 224 3176 post
240 3087 378 3148 tantas
404 3097 465 3148 ree
481 3087 616 3170 gestos
639 3075 752 3144 illum
775 3085 1028 3167 protecturus
1049 3085 1165 3158 esset,
1208 3096 1325 3168 neqve
1351 3088 1467 3146 erant
1490 3075 1631 3148 ibidem
1643 3103 1751 3173 prtia

109 3195 114 3206 ’
126 3211 287 3310 pinqei,
328 3207 369 3280 in
396 3205 532 3304 quibus
557 3219 654 3280 esset
674 3206 819 3278 auxilii
841 3229 957 3300 spes‚·
992 3206 1162 3294 aderant
1184 3219 1316 3278 autem
1333 3207 1518 3298 homines,
1535 3212 1590 3300 ¹de
1612 3212 1747 3306 quibus

131 3359 278 3420 certum
302 3351 408 3430 erat,
440 3341 541 3435 qvod
562 3340 656 3410 oitoe
675 3361 756 3406 suoe
772 3337 940 3409 insidias
954 3347 1167 3425 struerent,
1218 3337 1449 3434 qv'orumqee
1476 3364 1621 3436 magna
1646 3357 1748 3423 esset

131 3477 330 3578 potentia,
383 3471 443 3542 uti
482 3471 693 3568 Ingjaldus
729 3469 1060 3564 Saudeyargodus
1086 3468 1209 3540 Holli
1241 3471 1389 3562 frater.
1467 3473 1677 3566 Tborolfus
1705 3477 1747 3549 in

133 3614 391 3686 continentem
424 3603 580 3705 delatus
610 3604 758 3673 occulte
776 3603 1005 3698 plerumque
1021 3598 1364 3695 proficiscebatur,
1403 3628 1471 3674 nec
1491 3623 1768 3698 memoratum,
1869 3667 1874 3680 .

131 3761 188 3820 est
205 3717 359 3838 aliquid
373 3739 419 3844 de
439 3740 521 3834 ejus
543 3736 699 3826 itinere,
725 3749 934 3842 antequam
951 3709 1107 3830 vespere
1131 3735 1334 3832 cujusdam
1362 3737 1440 3807 diei
1469 3739 1749 3818 Goddcstados

127 3877 361 3980 perveniret.
417 3873 458 3946 V
456 3871 587 3966 igdisa
606 3871 642 3940 Τ
637 3869 753 3940 hordi
769 3869 900 3941 Goddi
913 3893 1012 3940 uxor
1029 3869 1200 3964 quadam
1217 3871 1558 3968 consanguinitate
1576 3875 1639 3946 illi
1659 3893 1748 3952 erat

133 4013 360 4110 conjuncta,
385 4029 471 4104 eam
488 4002 533 4074 ob
551 4027 631 4072 rem
647 4005 703 4072 ad
717 4003 831 4076 liocce
849 3998 1050 4097 prndium
1066 4027 1106 4071 se
1122 4004 1323 4076 convertit.
1375 4002 1466 4076 lam
1482 4022 1601 4081 antea
1627 4015 1749 4085 audi-

13 4233 15 4244 Ι
131 4155 219 4220 erat
241 4135 453 4229 Tltorolsus
470 4135 655 4232 quomodo
676 4133 816 4204 ibidem
834 4159 914 4204 sese
938 4159 1000 4205 res
1019 4133 1225 4222 baberent,
1259 4139 1362 4232 qvod
1379 4141 1419 4212 V
1419 4141 1557 4234 igdisoe
1582 4143 1752 4223 nobilior

133 4283 272 4351 inesset
297 4267 465 4358 indoles,
480 4362 485 4368 Ι
501 4291 616 4364 qvam
638 4266 793 4339 Tliordo
820 4267 929 4338 illius
945 4269 1101 4341 marito.
1161 4269 1306 4342 Eodem
1324 4271 1455 4368 itaque
1478 4299 1635 4372 vespere
1657 4296 1748 4354 sta-

135 4417 203 4484 tim
227 4413 344 4504 ntque
368 4404 530 4474 advenit
559 4401 788 4492 Tborolfus,
830 4401 1009 4476 convenit
1033 4400 1077 4475 V
1073 4403 1241 4498 igdisam
1248 4457 1261 4493 ,
1309 4407 1453 4502 'suaque
1477 4389 1541 4480 illi
1563 4415 1745 4508 pericula

133 4541 354 4630 enarravit,
396 4537 584 4631 simulque
598 4535 811 4632 flagitavit
834 4559 954 4630 opem.
1027 4538 1069 4608 V
1067 4536 1195 4632 igdisa
1217 4539 1258 4609 in
1285 4537 1389 4609 bunc
1408 4541 1497 4634 jere
1512 4531 1666 4617 modum
1683 4551 1747 4620 illi

133 4697 320 4778 responsa
347 4670 542 4742 reddidit:
579 4693 658 4740 non
678 4693 748 4764 ego
768 4669 866 4740 mihi
886 4682 1014 4740 tecum
1024 4670 1404 4766 consanguinitatem
1419 4700 1501 4748 esse
1521 4677 1682 4774 denego;
1709 4701 1748 4757 et

134 4814 188 4885 sic
205 4809 355 4906 quidem
370 4804 549 4880 existimo
570 4801 664 4872 illas
677 4825 773 4899 qvos
787 4805 948 4902 gessisti
966 4829 1039 4900 res,
1056 4817 1101 4875 nt
1118 4819 1290 4904 propter
1312 4807 1407 4909 illas
1433 4820 1469 4878 te
1489 4812 1747 4899 conjudicem

1516 4941 1548 5014 F
