4262 5722
839 499 1051 628 Q

131 771 291 824 ccusam
309 748 404 822 aliie
420 746 694 846 relinquemus,
716 743 1113 824 lreoienirnKotlelli
1126 747 1273 824 eecotoe
1286 761 1455 826 recentes
1468 776 1553 830 curn
1569 758 1639 830 illo
1653 763 1742 834 lites

129 875 463 978 nanciscentur&
487 881 579 952 inde
600 869 747 976 quidem
768 881 996 953 lleorleilsus
1015 878 1145 986 (ltaud
1162 907 1259 954 sone
1278 883 1502 984 immerito),
1527 892 1739 966 maximum

127 1018 314 1088 damnum
328 1014 472 1111 capiet,
496 1014 680 1112 multique
697 1015 810 1086 illum
831 1015 913 1086 cito
931 1016 1106 1086 deserent
1117 1016 1252 1106 omisi,
1271 1019 1333 1114 qvi
1347 1031 1467 1090 antea
1484 1025 1656 1094 studium
1674 1025 1738 1096 illi

124 1159 340 1257 noverunt.
369 1147 446 1219 Sed
453 1159 583 1224 tomen
593 1147 704 1219 nullo
713 1148 826 1219 modo
834 1172 900 1220 uos
909 1146 1113 1219 dehortari
1126 1149 1306 1240 conabor,
1324 1175 1371 1222 ne
1382 1152 1737 1228 tantieKotlcellum

123 1277 277 1381 ejusque
284 1279 494 1375 familiam
511 1281 632 1354 malis
645 1279 865 1376 adficietis,
899 1279 1056 1378 quantis
1071 1278 1177 1354 vobis
1192 1277 1316 1373 lubet,
1342 1281 1378 1352 si
1392 1285 1501 1354 intra
1518 1295 1596 1354 tres
1609 1309 1735 1359 annos

122 1415 230 1488 nulli
246 1417 322 1487 olii
339 1441 402 1489 eos
418 1427 490 1486 out
497 1439 610 1511 pago
629 1413 852 1510 expulerint
866 1422 938 1482 out
954 1411 1109 1484 omnino
1125 1411 1403 1504 interfecerint.
1457 1415 1650 1489 Gudruna
1667 1431 1737 1491 at-

120 1571 193 1646 que
211 1547 323 1620 illius
334 1548 488 1641 fratres
511 1573 551 1620 se
572 1547 638 1618 im·
659 1547 766 1618 dicto
781 1545 986 1616 audientes
1001 1545 1099 1636 fore
1109 1545 1390 1642 promiserunt.
1440 1547 1644 1620 Kotlellus
1661 1550 1736 1622 do,

118 1680 293 1752 mesticis
315 1679 501 1776 operibus
521 1679 638 1752 ltaud.
655 1681 824 1752 multam
852 1679 1000 1776 qoidem
1023 1701 1159 1749 curam
1183 1678 1425 1774 impendens,
1460 1699 1538 1774 per
1560 1679 1735 1774 ltyemcm

119 1825 257 1886 tamen
273 1837 351 1886 nec
354 1811 509 1910 pabulo
526 1837 594 1884 nec
611 1811 773 1884 cibariis
792 1812 962 1882 emendis
980 1833 1080 1905 opus
1098 1809 1248 1882 naluit.
1280 1809 1435 1882 Invisus
1451 1811 1597 1906 quidem
1616 1836 1734 1884 occo-

118 1945 193 2034 lis,
222 1955 352 2018 tamen
374 1945 572 2020 Tltorleili
588 1967 731 2016 caussa
746 1967 857 2016 nemo
871 1965 993 2016 ausus
1007 1954 1066 2014 est
1080 1943 1206 2014 ullum
1222 1941 1258 2013 ei
1269 1941 1490 2014 molestiam
1507 1943 1663 2036 inferre.

723 2177 856 2270 CAP.
885 2175 1129 2268 mvn.

320 2301 376 2410 In
392 2309 559 2410 comitiis
574 2335 767 2434 publicis,
808 2340 975 2435 quodam
998 2346 1138 2409 (estote
1161 2333 1318 2424 occidit,
1340 2357 1425 2408 cum
1447 2335 1673 2410 leorleilus
1691 2299 1748 2412 in⁴

116 2491 193 2542 suo
213 2469 428 2541 consideret
449 2469 770 2560 tabernaculum
782 2493 938 2564 magna
950 2481 1118 2540 etatum
1134 2467 1291 2564 quidam
1308 2466 1422 2539 ltomo
1437 2467 1733 2544 tabernaculum

116 2601 307 2672 intraret.
357 2601 400 2670 Is
423 2600 671 2674 Tltcrleilum
689 2601 917 2692 salutabat,
958 2600 1027 2672 ille
1045 2610 1176 2670 nutem
1196 2599 1346 2694 excepit
1366 2599 1645 2672 salutationem
1663 2625 1734 2674 ro-

42 2767 46 2774 ·
113 2731 321 2828 gaotsqoo,
346 2731 411 2826 qvi
427 2729 542 2803 tomo
559 2730 686 2804 esset?
713 2735 891 2829 Quodque
908 2731 975 2803 tm
990 2715 1156 2802 nomen?
1180 2729 1491 2828 llleEldgrimus
1506 2729 1582 2802 sibi
1596 2755 1733 2810 nomen

111 2843 398 2961 profitebatur,
422 2861 695 2936 habitaculum
714 2877 846 2936 autem
870 2865 912 2936 in
930 2863 1031 2938 villo
1046 2829 1337 2958 Eldgrimltadi
1350 2875 1512 2948 vocato,
1537 2888 1584 2934 eo
1601 2877 1732 2937 autem

117 2995 225 3070 villa
248 2995 329 3063 sito
355 3004 414 3092 est
440 2993 482 3062 in
504 2995 623 3084 valli,
670 3019 755 3090 qvae
776 3017 910 3066 uersus
936 2977 1168 3065 occidentem
1190 2994 1293 3063 inter
1311 2992 1468 3062 Mulum
1494 3007 1609 3088 atqve
1634 2997 1732 3066 Gri-

116 3135 360 3215 sartungam
376 3121 418 3190 in
438 3134 585 3191 montes
600 3123 793 3216 flectitur.
847 3121 962 3194 Valli
967 3123 1059 3215 jam
1074 3121 1295 3191 Grimcdali
1309 3146 1457 3193 nomen.
1505 3125 1733 3196 Tltorleilsus
1851 3139 1861 3156 '

114 3254 244 3328 dixit:
273 3251 442 3324 Tantum
453 3275 547 3322 sane
558 3253 605 3324 dc
615 3265 651 3323 te
660 3253 894 3335 audiuimus,
920 3263 964 3320 ut
974 3261 1011 3320 te
1029 3249 1156 3321 uirum
1167 3275 1246 3320 esse
1263 3251 1374 3322 ltaud
1390 3253 1536 3345 quidem
1550 3255 1731 3346 pusilla-

114 3388 264 3462 nimem
284 3393 523 3484 compernem
545 3380 769 3455 babeamus.
826 3377 1056 3475 Eldgrimus
1077 3377 1201 3449 dixit.-
1236 3379 1338 3450 Eam
1364 3378 1409 3450 ob
1433 3401 1595 3452 causam
1617 3383 1674 3453 od
1695 3379 1749 3454 te'

112 3516 229 3610 oeni,
263 3516 362 3612 quod
378 3515 539 3586 eximios
554 3515 645 3585 illos
662 3535 794 3608 equos,
828 3533 919 3607 quos
946 3509 1023 3580 tibi
1040 3509 1245 3582 Kctlellus
1262 3511 1448 3603 proxima
1475 3525 1569 3582 onte
1594 3523 1733 3612 <estate

115 3649 255 3737 dedit,
288 3671 314 3718 o
339 3659 377 3718 te
401 3669 523 3720 emere
545 3645 672 3741 cupio.
730 3643 957 3714 Tltorleilus
976 3641 1097 3712 diets.-
1128 3639 1202 3712 llli
1221 3641 1305 3736 equi
1326 3641 1438 3742 houd
1456 3646 1612 3716 oennlee
1628 3658 1731 3718 eunt.

119 3780 197 3854 cut
211 3780 458 3874 Eldgrimus:
493 3779 584 3868 Tot,
617 3776 762 3872 inqvit,
796 3798 865 3868 ego
883 3772 954 3844 tili
970 3797 1081 3868 equos
1100 3769 1219 3869 offero
1240 3767 1278 3844 ἃ
1297 3785 1427 3844 tomen
1436 3777 1617 3870 pecunioe
1637 3789 1732 3848 tan-

117 3926 209 3986 tum
228 3913 375 3982 addam
380 3961 394 3999 ,
421 3921 465 3980 ut
486 3910 621 3979 multis
644 3909 826 3980 videatur
849 3931 908 3976 me
932 3907 1080 4000 duplex
1103 3900 1248 3998 afferre
1266 3904 1450 4000 pretium.
1507 3905 1733 3979 Tltorleilus

116 4042 248 4116 dixit:
282 4041 428 4110 Nullus
450 4063 520 4133 ego
543 4063 627 4108 sum
641 4039 894 4128 foenerator,
929 4037 1025 4108 istos
1047 4035 1149 4106 enim
1172 4058 1366 4129 nunquam
1383 4061 1604 4135 consequere
1623 4065 1735 4136 equos

116 4171 292 4249 etiamsi
302 4169 728 4265 tripleemilzipretium
739 4166 934 4238 obtuleris.
961 4165 1318 4258 Eldgrimusdisit:
1334 4169 1391 4239 Tu
1411 4194 1502 4242 uero
1520 4171 1581 4244 eir
1597 4171 1734 4268 magni

117 4303 306 4404 spiritus,
324 4325 393 4374 nec
397 4325 542 4397 parum
545 4299 748 4397 pervicax,
770 4292 964 4393 &quidem
982 4299 1128 4386 vellem,
1149 4311 1193 4370 ut
1207 4299 1335 4370 minus
1352 4303 1547 4395 acceperis
1557 4303 1734 4398 pretium

118 4461 239 4537 qvam
255 4434 299 4506 id
312 4435 409 4532 qvod
428 4459 496 4530 ego
505 4435 594 4529 jorn
613 4431 738 4508 obtuli
752 4425 792 4502 R
806 4443 935 4502 tanton
949 4453 1059 4528 equos
1075 4431 1285 4502 omitteres.
1341 4431 1567 4516 Tloorleilus
1582 4435 1637 4508 od
1650 4437 1734 4508 nee

119 4563 236 4642 dicto
262 4568 428 4638 multum
450 4565 622 4656 erubuit,
657 4577 807 4658 tumque
827 4564 949 4635 dixit:
974 4563 1151 4658 Longius
1175 4563 1258 4650 tibi,
1279 4563 1505 4662 Eldgrime!
1536 4568 1612 4638 erit
1627 4557 1731 4660 pro-
1772 4597 1804 4648 χ

115 4697 402 4799 grediendum,
444 4697 479 4768 si
498 4698 596 4766 milri
617 4721 726 4792 equos
747 4695 787 4768 oi
810 4709 1029 4793 extorquere
1044 4697 1085 4766 in
1101 4696 1233 4766 animo
1250 4710 1318 4770 est.
1368 4699 1594 4791 Eldgrimus
1613 4694 1733 4780 dixit:

126 4829 222 4908 Tibi
247 4849 398 4924 parurn
428 4827 609 4901 credibile
629 4829 783 4903 videtur
815 4853 875 4902 me
906 4829 1144 4926 superiorem
1169 4828 1285 4922 fore,
1338 4851 1469 4902 verum
1505 4840 1635 4898 tomen
1660 4823 1737 4898 ltac
1791 4869 1793 4872 -

1469 4957 1541 5032 To
