4274 5728
911 543 1011 622 Ι903

153 781 210 861 cle·
228 815 271 860 eo
298 791 451 869 locutu,
485 809 597 884 quum
620 797 815 858 matrones
829 787 920 883 jam
942 785 1159 858 cubiculum
1188 786 1456 876 intrauerunt,
1482 790 1665 888 quomodo
1685 787 1768 860 illoe

149 923 347 994 essent-in
362 919 516 992 sedibus
537 921 812 1016 disponenda,
862 931 1012 1014 tumque
1027 921 1190 1009 accidit,
1215 933 1258 990 ut
1278 921 1632 994 Gudrunacontra
1655 921 1768 991 illurn

145 1052 293 1130 ,lectum
314 1075 529 1150 progressa
552 1032 668 1144 esset,
706 1053 751 1122 in
786 1077 856 1148 quo
884 1053 1084 1146 Kjartano
1115 1048 1338 1131 accumbere
1380 1053 1549 1126 solitum.
1618 1053 1767 1132 Eadem

149 1197 344 1257 momento
367 1186 542 1256 tunicum
567 1185 783 1257 coccineam
804 1186 1028 1280 Kjartanus
1060 1185 1191 1256 induit
1215 1198 1331 1284 atque
1358 1186 1460 1258 dixit
1496 1187 1560 1256 illi
1588 1185 1765 1290 mulieri,

149 1340 235 1412 quoe
257 1317 304 1408 de
331 1292 605 1390 matronarum
640 1319 779 1400 locuta,
792 1317 936 1408 fuerat
958 1317 1234 1410 dispositione,·
1279 1343 1389 1394 nemo
1411 1319 1513 1392 enim
1546 1319 1664 1414 prius
1700 1341 1765 1389 re-

147 1467 335 1544 sponsum
360 1449 523 1544 aliquod
540 1429 801 1520 reddiderat:
849 1447 1011 1538 Hresna
1045 1449 1087 1517 in
1119 1472 1303 1544 suprema
1327 1450 1530 1520 consideat
1552 1452 1640 1522 sede
1677 1449 1764 1519 illi-

146 1605 214 1677 que
245 1578 286 1651 in
312 1569 462 1651 cunctis
488 1581 683 1652 maximus
713 1581 908 1652 habeatur
940 1579 1083 1662 hones,
1140 1581 1326 1676 quamdiu
1361 1607 1430 1674 ego
1461 1583 1502 1654 in
1534 1582 1632 1655 uiuis
1668 1605 1762 1651 sum.

149 1714 295 1786 Tamen
322 1714 515 1786 Gudruna
540 1700 660 1784 antea
687 1699 838 1809 sernper
868 1709 907 1784 8(
928 1711 1219 1808 Hjardarlrolti
1247 1709 1286 1784 8<
1317 1701 1413 1784 aliis
1444 1714 1485 1784 in
1509 1713 1606 1784 locis
1627 1713 1668 1782 in
1694 1737 1763 1782 su-

140 1871 282 1948 prema
302 1848 533 1920 consederat
556 1842 654 1916 sede.
675 1843 680 1852 ’
704 1845 917 1916 .Gudruna
941 1845 1026 1915 lroec
1049 1845 1216 1914 audiens
1238 1845 1483 1939 Kjartanum
1507 1845 1666 1939 aspersit
1685 1868 1764 1915 non

138 1981 227 2052 sine
243 1977 462 2050 mutatione
485 1977 636 2066 uultus,
662 1979 815 2050 nullum
837 1989 968 2048 tamen
993 1975 1147 2058 uerbum
1176 1977 1320 2051 locuta.
1379 1978 1557 2048 Secunda
1582 1987 1679 2070 post
1700 1977 1764 2046 die

113 2077 570 2200 ⁸Gudrun'aHresnam
595 2111 769 2204 rogauit,
807 2121 852 2178 ut
868 2108 994 2202 peplo
1019 2105 1093 2176 sibi
1117 2106 1308 2200 obtegeret
1341 2120 1483 2201 caput,
1510 2109 1578 2178 'ut‘
1591 2106 1762 2178 conuiuis

143 2243 368 2338 conspicere
401 2241 537 2310 liceret
571 2229 772 2334 gestamen
803 2239 1149 2336 pretiosissimum,
1208 2241 1309 2334 quod
1341 2240 1398 2308 ad
1431 2238 1654 2308 Islandiam
1683 2263 1760 2312 un-

141 2398 257 2472 quam
280 2384 534 2466 asportatum
544 2371 708 2462 suisset.
759 2371 984 2467 Kjartanus
1012 2371 1155 2439 aderat
1161 2420 1175 2454 ,
1202 2369 1277 2438 etsi
1311 2370 1552 2464 ltaudjuxta
1575 2372 1761 2459 adstans,

141 2499 347 2599 audiitque
377 2505 584 2574 Gudrunoe
609 2506 730 2575 dicta.
798 2503 877 2575 Ille
905 2501 1076 2592 Hrffna
1109 2524 1339 2595 responsum
1366 2513 1612 2572 antevertens
1637 2503 1760 2574 dixit:

136 2633 254 2712 aaut
281 2637 356 2708 illa
378 2635 454 2706 sibi
478 2635 614 2706 inlice
637 2637 810 2710 conuiuio
829 2635 952 2728 peplo
973 2645 1098 2729 caput
1121 2633 1287 2728 obteget,
1313 2633 1477 2728 majoris
1492 2635 1594 2703 enim
1614 2635 1759 2726 referre

137 2775 289 2860 uisum,
340 2779 385 2840 ut
405 2767 567 2859 Hrefna
593 2768 923 2862 pretiosissimm
936 2779 1142 2862 gestamen
1166 2767 1395 2859 possident,
1447 2775 1631 2862 quam-ut
1657 2761 1764 2838 illud

135 2909 215 2982 liae
247 2905 328 2976 uice
351 2899 525 2972 conuiuis
550 2899 605 2970 sit
637 2901 874 2995 spectaculo.
952 2899 1001 2970 In
1023 2899 1287 2993 septimanam
1312 2899 1509 2993 integram
1528 2899 1759 2970 autumnale

136 3049 228 3111 erat
253 3033 467 3104 conuiuium
491 3031 605 3123 apud
624 3031 792 3102 Olauum
815 3031 1080 3100 constitutum.
1133 3031 1317 3124 Sequente
1340 3030 1403 3099 die
1420 3031 1613 3100 Gudruna
1626 3028 1757 3128 Hres-

131 3139 234 3250 ,nam
258 3164 417 3277 rogauit
454 3161 618 3250 secreto,
656 3170 700 3230 ut
724 3158 799 3228 sibi
826 3160 991 3256 peplum
1025 3163 1263 3246 ostenderet,
1303 3159 1377 3230 illa
1406 3185 1446 3231 se
1472 3163 1530 3230 ita
1547 3161 1755 3252 facturam

129 3299 323 3403 promisit
333 3293 372 3364 ὅ(
386 3304 563 3388 sequente
576 3291 640 3360 die
650 3291 875 3386 solitarium
879 3291 1185 3382 promtuarium,
1203 3289 1269 3358 ubi
1276 3290 1455 3382 pretiosa
1467 3290 1756 3362 conseruahan-

136 3447 226 3522 tur,
267 3429 412 3500 adiere.
478 3421 639 3514 Hresna
662 3431 806 3518 aperta
828 3421 928 3491 cista
954 3421 1195 3491 sacculume
1228 3431 1383 3490 textura
1390 3419 1574 3516 figurata
1599 3421 1753 3514 confec·

134 3583 222 3641 'tum
233 3615 247 3653 ,
286 3555 475 3648 tollebat5
513 3581 534 3627 e
569 3579 681 3626 sacco
709 3565 840 3624 autem
873 3551 1047 3648 promsit
1068 3552 1234 3647 peplum
1266 3546 1540 3648 Gudrunoeque
1573 3555 1752 3624 ostendit.

132 3696 352 3795 Explicato
383 3692 459 3762 illa
487 3687 609 3785 peplo
637 3687 746 3762 illud
769 3708 846 3782 per
874 3685 1121 3784 aliquantum
1160 3689 1324 3778 teinpus.
1346 3684 1512 3772 intuita,
1572 3709 1640 3756 nec
1666 3687 1752 3756 ulla

134 3856 230 3912 uoce
248 3830 349 3903 idem
376 3822 561 3896 laudauit
583 3843 652 3896 nec
670 3819 924 3914 uituperauit.
999 3817 1154 3893 Deinde
1178 3817 1341 3909 Hrefna
1366 3819 1531 3913 peplum
1565 3817 1752 3889 condidit.

132 3969 232 4040 121ae
252 3962 309 4031 ad
330 3980 426 4030 suas
448 3951 742 4030 reuertelrantur
758 3953 887 4024 ¹sedec.
964 3949 1104 4024 Multa
1136 3949 1226 4020 inde
1255 3949 1425 4022 conuiuis
1457 3948 1602 4050 latitia
1637 3962 1753 4044 atque

133 4093 343 4168 hilaritas.
399 4087 462 4159 Ea
478 4096 609 4156 autem
630 4083 712 4172 die,
744 4105 819 4178 qua
834 4083 1008 4156 conuiuis
1034 4080 1253 4153 abeundum
1266 4081 1375 4172 suit,
1408 4082 1631 4176 Kjartanus
1644 4084 1751 4152 mul-

135 4243 224 4301 tum
237 4221 327 4316 fuit
346 4220 385 4288 in
399 4215 565 4314 negotiis
581 4211 767 4286 obeundis
783 4224 1014 4307 occupatus,
1040 4224 1085 4283 ut
1100 4211 1201 4301 illis,
1234 4212 1295 4308 qui
1311 4237 1358 4282 eu
1373 4214 1639 4285 remotissimis
1653 4217 1747 4287 locis

133 4361 345 4445 aduenere,
372 4349 515 4446 integri
536 4349 620 4446 equi
635 4345 941 4431 adducerentur,
977 4327 1187 4440 caeteraque
1204 4323 1339 4414 itineri
1352 4349 1574 4418 necessaria
1598 4373 1745 4446 suppe-

133 4495 376 4568 ditarentur.
427 4484 670 4582 Kjartanus,
695 4479 787 4550 dum
808 4477 872 4550 liis
893 4489 992 4550 esset
1012 4477 1184 4548 intentus
1199 4477 1383 4573 negotiis,
1405 4480 1604 4576 gladium,
1628 4502 1745 4577 ‹quem

132 4625 202 4700 illi
217 4622 382 4694 dederat
403 4639 490 4704 res,
524 4615 635 4686 lsaud
656 4623 837 4686 tenuerat
854 4631 996 4700 manu,
1028 4607 1113 4681 etei
1135 4609 1285 4681 illume
1303 4633 1423 4684 manu
1451 4613 1648 4684 dimittere
1658 4631 1743 4706 pa·-

132 4779 226 4830 rum
253 4751 404 4822 silitus.
462 4747 619 4824 Deinde
641 4746 697 4818 ad
719 4746 860 4822 lectum
892 4765 1085 4833 reuersus,
1143 4741 1210 4820 uti
1233 4765 1358 4819 ensem
1384 4743 1611 4838 reliquerat,
1660 4750 1742 4810 tum

130 4899 271 4976 autem
301 4880 372 4951 ille
401 4879 577 4958 allatus·¹
639 4879 723 4974 tlte:
736 4891 898 4976 petrem
931 4879 1098 4952 Olauum
1126 4879 1307 4956 conuenit
1336 4875 1484 4962 dicens,
1532 4870 1648 4960 liujus
1680 4873 1740 4954 ,rei

1425 5007 1548 5077 Ces
