4262 5722
846 533 1056 659 Q

140 797 255 884 atqve
264 787 492 882 Stigaadus,
510 783 767 858 Hebridensis
784 783 858 854 illa
866 805 973 879 geas.
1002 781 1158 880 Magna
1177 783 1351 857 omnibus
1365 786 1496 862 inerat
1502 794 1655 887 peritia
1665 821 1756 868 ma-

134 921 239 1018 gices
257 931 372 1015 atqve
385 919 662 1012 conviciorum.
688 917 941 988 Hailsteinus
956 917 1146 990 Sacerdos
1169 919 1260 990 illos
1280 937 1486 1016 exceperat
1506 939 1621 1022 atqve
1637 930 1755 999 Urdis

136 1052 178 1124 in
188 1052 464 1124 Skalatorneso
481 1053 716 1148 deposuerat
722 1069 741 1142 ς
762 1051 908 1122 accolis
925 1050 989 1120 illi
1001 1075 1148 1144 parurn
1165 1053 1329 1146 accepti.
1354 1053 1597 1130 Hacoestate
1612 1063 1753 1132 Gestae

134 1185 197 1256 uti
219 1185 282 1254 iili
303 1200 392 1256 erat
416 1185 586 1276 solitum,
615 1185 711 1260 navi
732 1198 863 1259 vectus
883 1186 940 1256 ad
956 1183 1206 1270 Saurboeum,
1231 1185 1596 1262 HoloSaurbaeensi
1614 1192 1753 1287 lzospi-

135 1314 310 1386 tabatur.
363 1295 579 1388 Memorati
594 1321 686 1415 jam
713 1318 866 1415 affines,
914 1317 974 1386 uti
995 1316 1078 1388 illis
1104 1320 1145 1389 in
1164 1343 1235 1390 usu
1262 1332 1367 1408 erat,
1416 1347 1528 1418 eqvos
1552 1323 1616 1393 illi
1637 1347 1753 1420 pree-

134 1447 259 1522 buere.
329 1451 507 1522 leordas
530 1451 724 1548 Ingunnoe
746 1451 866 1546 filius
886 1473 972 1520 cum
999 1450 1115 1522 Gesta
1140 1451 1347 1548 profectas
1371 1456 1536 1552 Longas
1559 1457 1757 1554 Saelings-'

134 1584 315 1654 dolenses
335 1585 525 1678 pertenit.
580 1587 773 1656 Gudrana
802 1584 937 1657 Osviai
949 1582 1045 1676 filia
1067 1584 1124 1656 ad
1154 1585 1313 1654 comitia
1334 1587 1498 1681 publica
1521 1613 1613 1685 aava
1642 1603 1752 1662 recta

139 1717 294 1790 Therae
323 1719 517 1814 Ingunnoe
531 1718 624 1812 filio
653 1721 767 1790 illam
799 1719 1020 1788 comitante.
1084 1715 1235 1812 Aliqua
1262 1719 1325 1789 die
1350 1743 1435 1789 cum
1457 1746 1534 1816 per
1560 1725 1753 1793 desertum

131 1851 400 1947 Blaskogease
417 1853 492 1923 iter
506 1851 714 1943 facerent,
741 1852 960 1946 coelumqee
987 1851 1127 1922 sudum
1150 1863 1270 1940 esset,
1299 1851 1401 1922 dixit
1420 1855 1635 1926 Gadrana:
1659 1880 1752 1926 num

133 1984 240 2055 iilud
266 2006 418 2074 verum,
453 1983 630 2056 Thorde!
671 2007 829 2054 uxorem
855 1994 964 2080 tuam
988 1981 1199 2054 Auduram
1211 1982 1474 2074 seminalibus
1501 1988 1603 2058 inter
1632 2011 1752 2058 crura

132 2115 275 2188 solidis
303 2138 534 2210 quorumque
561 2111 693 2206 infima
725 2113 867 2184 calceis
894 2114 1164 2209 implicentur,
1197 2138 1277 2183 esse
1289 2116 1517 2211 plerumque
1543 2117 1752 2190 indutam?

132 2231 204 2321 itte
224 2248 297 2319 noe
323 2272 362 2344 se
385 2247 547 2318 sensisse
569 2243 739 2340 negavit.
804 2245 999 2316 Gudruna
1027 2245 1147 2316 dixit:
1187 2258 1268 2315 tum
1290 2245 1354 2316 his
1374 2247 1486 2320 haud
1507 2250 1634 2321 multa
1647 2251 1751 2348 fides

129 2382 166 2452 si
185 2406 212 2452 a
239 2393 275 2452 te
295 2404 372 2452 non
395 2380 636 2478 seretiuntur,
663 2389 700 2446 et
724 2401 839 2472 qvam
860 2375 907 2447 ob
932 2401 1012 2446 rem
1036 2377 1099 2446 ilii
1117 2387 1198 2446 tum
1218 2371 1563 2454 Braka-Aadura
1582 2385 1752 2454 inditam

131 2511 299 2586 namen?
350 2511 528 2582 morans
561 2511 683 2581 dixit:
729 2531 806 2604 per
837 2511 1017 2605 exiguum
1046 2511 1207 2610 pridem.
1223 2523 1375 2607 tempus
1400 2515 1513 2586 illam
1542 2517 1599 2587 ita
1630 2542 1751 2592 eoca-

131 2655 219 2714 tom
240 2641 496 2714 arbitramur.
552 2645 747 2715 Gudruno
774 2641 897 2714 dixit:
936 2643 1010 2713 leoo
1034 2642 1098 2712 illi
1121 2644 1285 2738 majoris
1309 2658 1366 2716 est
1389 2651 1592 2737 momenti,
1631 2651 1667 2720 si
1684 2652 1753 2720 diu

124 2775 306 2872 posthac
322 2799 458 2850 nomen
476 2776 667 2850 retinebit.
711 2775 1051 2848 Jam‘adeomitio
1068 2785 1314 2868 concentum,
1342 2801 1410 2850 nec
1427 2778 1480 2850 ibi
1495 2782 1649 2878 aliqvid
1661 2781 1753 2854 novi

127 2907 288 2981 accidit.
301 2910 654 2997 Taordusmultum
664 2910 705 2982 in
716 2909 825 2982 Geeti
836 2906 1377 3000 tabernaculocommoratus‚
1394 2911 1529 2998 ercino
1542 2935 1627 2982 cuae
1638 2913 1753 2984 Gud-

127 3063 236 3113 runo
245 3039 383 3112 babuit
394 3043 599 3136 colloqvia.
612 3040 761 3135 Attqvo
779 3041 843 3110 die
855 3039 1034 3111 Thordus
1045 3041 1356 3134 Ingannoefliius
1366 3044 1625 3140 interrogavit
1638 3046 1753 3114 Gud-

127 3195 295 3245 runam:
320 3197 411 3244 num
428 3172 528 3268 qvid
541 3172 697 3244 mulieri
719 3171 847 3266 culpae
865 3181 973 3260 esset,
1008 3173 1043 3240 si
1055 3172 1284 3266 plerumqve
1301 3189 1400 3245 esset
1415 3175 1602 3246 braccata
1621 3199 1753 3271 qvem-

127 3306 342 3378 admodum
355 3303 443 3376 viri.
491 3303 575 3372 Illa
586 3302 810 3398 respondit:
841 3311 997 3370 tantam
1005 3315 1177 3394 propter
1196 3303 1239 3370 id
1253 3325 1392 3371 uxores
1400 3329 1583 3396 poenam,
1615 3327 1754 3374 secun-

126 3439 224 3510 dum
240 3436 400 3506 illoram
417 3435 610 3506 rationem
623 3445 830 3523 merentur,
857 3443 1046 3528 qnantum
1063 3433 1152 3520 riri,
1179 3432 1213 3502 si
1229 3445 1423 3526 apertura
1437 3437 1621 3507 cervicali
1631 3436 1752 3508 resti-
1869 3433 1872 3438 ’

127 3591 199 3642 urn
214 3579 360 3663 magna
370 3580 584 3642 utanturet
591 3567 906 3663 popilioeeorum
919 3567 1036 3636 nudae
1046 3577 1288 3660 appareant,
1304 3576 1507 3661 utramqve
1517 3569 1619 3638 enim
1630 3591 1752 3638 causa
1854 3577 1857 3582 “

128 3701 308 3783 divortii.
339 3703 375 3774 Τ
369 3728 445 3776 unc
457 3703 655 3774 Tkordus:
680 3710 823 3788 utrum,
842 3698 980 3793 inquit,
997 3698 1095 3770 milti
1111 3698 1238 3792 magis
1256 3699 1408 3787 evades,
1429 3697 1672 3786 utAadnroe,
1690 3700 1755 3770 liic

131 3835 177 3908 in
188 3834 355 3906 comitiis
370 3835 582 3909 divortium
597 3833 802 3917 declarem,
819 3854 873 3902 on
884 3831 926 3902 in
934 3855 1045 3928 pago
1053 3831 1234 3925 plurium
1249 3829 1448 3920 hominum
1458 3845 1569 3928 utens
1581 3833 1732 3903 auxilio
1739 3857 1753 3922 ,·

127 3969 270 4062 magni
293 3968 395 4038 enim
419 3967 585 4060 spiritus
611 3966 688 4034 oiri
713 3975 824 4050 sunt,
851 3963 916 4058 qvi
933 3987 972 4034 ee
989 3963 1066 4033 hac
1085 3987 1127 4036 re
1148 3964 1364 4058 ignominia
1384 3961 1545 4060 affectos
1563 3961 1756 4036 reantur?

127 4100 232 4171 Post
249 4097 409 4190 aliquod
425 4097 678 4166 intervalium
690 4096 883 4165 Gudruna
901 4095 1125 4188 respondit5
1154 4096 1198 4167 V
1199 4120 1219 4164 e
1228 4119 1246 4164 s
1249 4119 1280 4189 p
1294 4119 1414 4166 erem
1437 4111 1666 4196 expectat
1687 4097 1757 4193 ig·
1841 4134 1845 4142 ἢ

129 4229 254 4302 navi
278 4252 439 4298 causa.
500 4226 676 4300 Tlcordus
695 4238 775 4295 tum
790 4225 1015 4318 prosiliens,
1041 4225 1187 4296 Saxum
1196 4227 1440 4323 judiciorum
1458 4232 1609 4330 adibat,
1629 4233 1757 4302 advo-

131 4363 238 4435 catis
264 4359 427 4432 testibus
447 4359 628 4433 Audaroe
656 4359 870 4430 divortium
895 4357 1105 4428 declarans
1128 4372 1295 4453 propter
1320 4361 1362 4432 id
1383 4362 1498 4434 iilam
1524 4367 1756 4436 criminatus

132 4498 239 4593 qvod
265 4495 439 4566 virorum
460 4515 564 4563 more
590 4491 753 4562 braccae
776 4491 860 4562 eine
885 4503 1079 4584 apertura
1103 4493 1339 4563 indueretur.
1402 4495 1583 4572 Auduroe
1597 4501 1755 4590 fratres

133 4651 241 4722 aegre
255 4628 327 4696 noe
346 4629 519 4698 tulerunt
526 4649 539 4714 ,·
587 4626 717 4696 omnia
739 4637 869 4696 tamen
886 4624 1027 4719 quieta.
1077 4623 1253 4700 Thordus
1276 4652 1295 4696 e
1320 4630 1487 4704 comitiis
1513 4655 1597 4701 cum
1622 4625 1756 4698 Oseiei

122 4761 234 4856 filiis
253 4783 345 4854 eqvo
364 4771 501 4852 vectas.
526 4757 607 4856 Hie
623 4770 752 4830 autem
770 4757 933 4829 nuntias
950 4781 1038 4828 cum
1056 4756 1329 4830 odAuduram
1348 4773 1446 4829 esset
1459 4763 1654 4854 perlatas,
1682 4755 1757 4824 itta

136 4892 266 4964 dixit:
312 4889 401 4962 bene
425 4904 482 4962 est
506 4892 608 4987 qvod
631 4889 714 4962 ltaec
740 4891 883 4978 sciam,
931 4889 967 4959 si
996 4891 1211 4988 aliquando
1244 4891 1342 4961 milei
1374 4889 1570 4962 obvenerit
1597 4889 1758 4959 occasio.

1499 5077 1502 5086 .
1533 5025 1558 5096 S
