4274 5728
870 553 966 632 215

111 799 260 868 dentem
280 820 355 891 per
379 794 686 890 Salingsdalum
709 792 981 886 iter'saciam,
1024 798 1077 869 ab
1100 803 1295 874 occidente
1320 829 1411 878 aero
1427 833 1507 902 per
1523 811 1725 885 Sainada-

109 930 189 1001 lum
218 927 364 1000 redibo.
452 929 536 1000 Illa
572 903 752 1022 rogavit:
797 929 984 1022 qaamdiu
1008 933 1087 1002 eris
1115 935 1157 1004 in
1190 937 1338 1008 itinere.
1412 942 1637 1035 Kjartanas
1656 971 1723 1020 re-

106 1063 289 1160 spondit:
332 1060 674 1134 Verisimillimam
707 1071 765 1129 est
789 1071 835 1128 at
861 1060 998 1154 qainta
1022 1054 1271 1140 die'redeam.
1335 1071 1442 1140 Nam
1472 1076 1572 1148 mibi
1593 1078 1721 1172 perfi-

21 1235 24 1260 .
79 1194 181 1270 ‚cies
206 1194 355 1290 negotii
380 1189 657 1288 aliqaantum?
682 1191 785 1262 dixit
813 1188 1042 1265 Tharballa.
1105 1198 1305 1294 Cognatas
1325 1203 1424 1274 mihi
1449 1219 1507 1276 est
1534 1209 1575 1278 in
1592 1210 1721 1281 Saar-

104 1323 187 1396 boeo
210 1323 261 1393 ab
283 1325 517 1396 occidentali
535 1323 915 1418 parteHaitadali,
954 1325 1138 1400 illemibi
1154 1356 1338 1426 pontiam
1359 1338 1600 1412 semimarcas
1620 1368 1722 1442 pre·
1799 1345 1801 1352 ⁴

105 1457 159 1526 tio
198 1469 439 1527 constantem
465 1455 673 1551 promisit,
723 1455 828 1525 bunc
859 1455 923 1526 uti
952 1479 1171 1562 reposceres
1205 1490 1255 1535 oc
1283 1480 1407 1539 tecam
1437 1469 1487 1540 ab
1526 1474 1720 1543 occidente

103 1599 335 1684 asperiores
358 1587 513 1659 vellem.
565 1589 791 1683 Kjortanas
813 1587 873 1658 ita
890 1589 1032 1680 facere
1050 1596 1250 1687 promisit.
1300 1601 1446 1671 Postea
1472 1603 1718 1675 Thararinrrs

99 1723 252 1792 tomum
276 1720 396 1793 rediit
421 1745 471 1791 aa
494 1743 580 1790 cam
594 1722 796 1816 I(jartano
814 1719 1016 1814 proficisci
1033 1729 1222 1820 paroait:
1272 1729 1363 1800 Jam
1382 1749 1516 1803 versus
1536 1736 1726 1807 occiden-·

99 1867 169 1929 tern
189 1879 267 1950 per
288 1852 834 1948 DesertaSoetingsdalensia
872 1837 1091 1949 eqaitantes
1116 1885 1274 1955 vespere
1296 1864 1460 1956 Holum,
1485 1869 1542 1936 ad
1545 1867 1718 1958 fratres,

92 2011 312 2080 pervenere.
381 1989 490 2093 Bene
510 1987 739 2082 Kjartanas
765 1983 820 2052 ibi
848 2000 1052 2082 exceptas,
1093 1991 1177 2059 illis
1202 1993 1304 2063 enim
1333 2007 1421 2066 erat
1442 1999 1722 2073 amicissimus.
1794 2035 1804 2052 =

103 2121 321 2190 Thorballa
344 2089 511 2214 Laqeao·
530 2089 697 2210 Longas
732 2117 888 2196 domum
907 2143 1064 2212 vespere
1086 2109 1215 2192 rediit.
1271 2107 1403 2195 Osaiai
1404 2125 1491 2218 filii
1506 2109 1723 2224 rogabant.

99 2277 183 2348 qaas
206 2251 382 2324 homines
404 2275 452 2320 ea
477 2250 540 2319 die
564 2243 829 2319 convenisset?
864 2245 947 2318 Illa
974 2251 1216 2341 Kjartanem
1246 2253 1365 2324 Olaai
1385 2255 1522 2348 filium
1545 2261 1593 2352 {se
1619 2242 1718 2330 can-¹

98 2387 244 2457 venisse
273 2383 499 2477 affirmavit.
559 2379 633 2452 Illi
652 2369 871 2474 rogabant,
896 2355 985 2478 'qvo
1005 2383 1077 2455 ille
1094 2385 1351 2479 profecturas
1371 2357 1481 2460 esset.
1535 2389 1617 2462 Illo
1638 2392 1716 2484 bac

97 2519 203 2588 dere
229 2515 381 2602 omnia,
427 2535 513 2608 qaoe
539 2512 675 2598 scivit,
696 2513 853 2602 retulit,
886 2515 1041 2587 dicens:
1087 2503 1304 2613 Nanqaam·
1328 2517 1428 2588 mibi
1448 2526 1716 2614 praestantior

96 2649 198 2722 visas
219 2661 301 2735 est,
340 2670 452 2741 qoam
472 2645 552 2715 boo
576 2644 658 2715 aiae
668 2644 780 2734 suit,
805 2669 875 2716 neo
906 2647 1063 2740 miram,
1087 2649 1124 2718 si
1146 2651 1251 2720 tales
1274 2649 1451 2722 homines
1479 2656 1610 2725 omnia
1636 2655 1713 2726 sibi

97 2781 289 2872 inferiora
316 2777 563 2848 existimant:
597 2779 727 2847 Porro
762 2775 984 2850 Tborbolla
1006 2781 1064 2850 sic
1090 2780 1245 2852 locuta:
1290 2781 1343 2851 Id
1361 2783 1462 2854 milei
1478 2786 1605 2866 ,visam
1619 2771 1711 2858 nia-

94 2915 299 3006 nifestttm,
350 2910 447 3007 qvod
471 2911 697 3006 KJ'artanus
723 2909 772 2978 de
808 2910 902 3002 agri
930 2911 1132 3015 emtione„
1166 2935 1249 3008 qvoe
1288 2915 1353 2983 illi
1374 2939 1460 2986 cum
1489 2917 1712 2992 Thorarino

90 3057 209 3140 pocta
225 3054 353 3129 esset,
379 3040 577 3114 lubentius
601 3041 820 3134 loqaeretnr
846 3063 963 3132 qoam
984 3043 1033 3110 de
1062 3043 1149 3110 aila
1171 3044 1258 3111 alia
1291 3067 1344 3115 re.
1424 3046 1619 3116 Gudruna
1643 3072 1711 3119 re-

93 3179 275 3274 spondit:
307 3175 534 3271 Kjartanus
558 3195 655 3242 sane
674 3169 821 3254 omnia,
845 3195 929 3266 qoae
954 3173 1036 3267 ipsi
1050 3171 1202 3269 placet,
1237 3175 1432 3246 audacter
1447 3163 1582 3270 potest
1605 3205 1709 3274 per-

89 3323 273 3404 petrare,
314 3316 519 3400 expertam
541 3301 645 3372 enim
671 3311 748 3390 est,
789 3301 904 3371 illum
938 3303 1043 3372 nulli
1068 3316 1224 3375 tantam
1257 3305 1405 3395 inferre
1434 3307 1710 3402 ignominiam,

91 3457 131 3514 nt
157 3441 309 3538 aliqvis
327 3437 391 3509 vel
411 3429 662 3506 manubrium
685 3434 828 3505 saltem
856 3435 927 3506 teli
946 3435 989 3504 in
1016 3435 1131 3505 illum
1160 3434 1347 3526 conjicere
1369 3437 1531 3507 aa'debtl
1566 3441 1706 3513 ''Goa-

90 3599 197 3648 rzmae
218 3597 276 3646 aa
294 3569 525 3642 Tharballae
541 3565 733 3660 colloqvia
758 3561 798 3644 b<
812 3564 1025 3638 Bellias&
1044 3567 1175 3640 Osaivi
1186 3565 1265 3656 fitis·
1278 3567 1469 3656 aderant,
1495 3569 1559 3640 illi
1569 3589 1708 3668 panca

92 3704 400 3806 respondebant,
432 3725 480 3774 ea
502 3712 634 3781 tamen
657 3699 719 3786 ati
732 3699 964 3798 plerumqve
994 3703 1051 3771 od
1063 3699 1242 3772 Bellium
1266 3698 1546 3781 suscitandum.
1603 3707 1708 3778 Bot-
1795 3745 1797 3750 -

95 3843 169 3912 Iius
191 3867 231 3914 se
251 3839 327 3909 illa
344 3858 423 3908 non
436 3834 579 3904 audire
600 3831 806 3905 simulavit
827 3828 867 3905 8<
893 3834 954 3904 ito
964 3833 1058 3925 fere
1072 3832 1198 3926 fecit,
1239 3831 1299 3900 ito
1323 3831 1426 3903 enirn
1443 3834 1519 3904 illi
1535 3839 1710 3928 salitam,

94 3975 246 4070 qvando
266 3969 467 4062 Kjartana
489 3935 762 4034 obtrectarent.
1508 3932 1514 3946 .

726 4183 1146 4286 cAP.x1.v111.‚
1394 4264 1400 4278 ,
1508 4223 1574 4234 ··
1673 4153 1681 4168 ’

297 4321 442 4432 Tertia
464 4358 647 4451 'diesesti
656 4357 889 4453 paschalis,
912 4360 1137 4450 Kjartanus
1151 4356 1254 4428 Hali
1265 4358 1426 4430 mansit.
1477 4361 1635 4436 Multas
1655 4367 1709 4438 ibt

93 4495 201 4568 iosus
228 4519 279 4567 oo
298 4493 455 4570 laetitio.
507 4493 688 4589 &ocante
701 4503 814 4562 nacte
827 4488 919 4566 Ano
933 4489 1220 4586 inqaietussait
1231 4509 1420 4581 ἱεοηιηιιες
1437 4494 1519 4567 ille
1533 4525 1559 4572 ¹o
1576 4523 1709 4573 somno

93 4631 286 4700 excitatus
309 4639 473 4722 rogatas
483 4649 548 4722 qve
575 4625 666 4722 qaid
679 4597 921 4696 somniasset.
973 4625 1052 4696 Ille
1064 4622 1290 4718 respondit:
1315 4625 1357 4698 V
1355 4625 1415 4696 isa
1432 4630 1490 4696 od
1504 4651 1563 4698 me
1580 4630 1708 4700 venire

94 4757 292 4855 incognita
325 4759 488 4846 mulier,
529 4781 660 4852 meqae
685 4771 906 4856 correptum
924 4781 1059 4830 versus
1087 4759 1279 4860 spondam
1302 4759 1550 4852 protrudere.
1619 4759 1705 4828 Uera
1741 4773 1743 4780 ‘

95 4892 166 4962 illa
182 4914 304 4966 manu
320 4891 558 4964 machaeram
573 4890 703 4961 altera
708 4890 901 4987 senticem
909 4890 1108 4988 gestabat.
1165 4893 1200 4963 T
1195 4914 1260 4960 am
1276 4885 1474 4960 maslroerb
1489 4887 1590 4958 milei
1609 4915 1707 4985 pec·
