4256 5730
811 505 1023 644 Α,

106 745 314 864 provenire
340 767 529 862 intelligo.
596 763 825 860 Tlrorgileue
844 767 1037 860 extemplo
1050 792 1211 865 turgent
1226 773 1456 867 colloqvium
1466 773 1578 866 finiit
1600 780 1716 850 valde

111 902 402 984 internecentur,
429 899 603 994 odiitqve
619 899 777 970 comitet
791 896 921 968 clioene
936 923 976 969 ee
990 900 1099 973 obire
1115 903 1222 974 velle.
1280 905 1483 978 slltorleilro
1498 911 1601 980 male
1611 915 1715 1004 pla-

108 1035 200 1129 cuit,
227 1035 328 1128 qvod
344 1057 405 1103 ree
425 1032 482 1101 ito
499 1041 597 1102 estet
615 1029 801 1100 instituta
824 1029 884 1098 nti
908 1028 1112 1126 lltorgileo
1132 1036 1374 1133 clieplioeret5
1398 1040 1556 1110 Bolliue
1569 1068 1657 1116 vero
1673 1045 1715 1114 iu

105 1168 168 1238 lzie
184 1168 326 1236 matris
355 1163 552 1237 voluntati
582 1161 798 1233 consentiit.
862 1160 1077 1233 andrina·
1094 1191 1134 1236 ee
1160 1168 1405 1262 leorgileum
1427 1173 1715 1264 proeetontibue

101 1291 1446 1388 muneribusdonaturompromieiteumqveitaeibireooneilintnram.
1484 1303 1519 1371 T
1515 1301 1712 1373 horleilrue

101 1432 262 1526 negavit
275 1451 476 1500 munerum
486 1427 653 1522 aliqvem
664 1425 875 1516 neumsore
882 1449 898 1512 ,·
927 1427 1131 1522 Tltorgileo
1141 1431 1253 1520 enim,
1272 1433 1408 1526 inqvit,
1424 1433 1551 1503 multo
1566 1436 1711 1505 elatior

99 1565 268 1658 epiritne
291 1563 390 1632 ineet
422 1581 534 1655 qvam
557 1558 624 1652 qvi
640 1557 874 1650 <crepundia
894 1580 981 1630 eum
995 1574 1214 1655 acceptare·
1225 1565 1446 1657 permittat.
1517 1567 1710 1636 Gudrunn

100 1709 183 1768 tum
200 1695 312 1765 illum
328 1692 432 1764 clomi
461 1681 740 1764 consolandum
760 1688 857 1782 fore
889 1687 1114 1784 affirmavit.
1178 1694 1258 1764 Hit
1273 1695 1450 1787 peractis
1483 1696 1713 1792 Thorgileus

99 1853 186 1899 eum
203 1827 285 1898 onie
313 1825 515 1898 sodalibue
539 1821 771 1918 Helgajello
796 1821 915 1912 abiit,
946 1825 1100 1895 domum
1123 1827 1306 1918 pervenit
1329 1827 1506 1922 Tangam
1525 1830 1585 1898 od.
1597 1853 1711 1924 prve-

97 1956 210 2030 dt'um
226 1983 336 2030 suum
343 2009 358 2044 ,
382 1981 495 2030 ouum
509 1955 768 2029 conditionem
784 1956 1118 2048 peroegreferens.

776 2191 907 2279 CAP.
940 2194 1021 2278 66.
1076 2187 1079 2197 '
1150 2205 1153 2212 ’

295 2322 394 2427 Hoc
408 2353 542 2450 hyeme
551 2353 706 2446 Otvisue
720 2351 853 2426 morbo
863 2363 1066 2448 correptus
1076 2349 1305 2445 exspiravit.
1330 2349 1484 2448 Magno
1494 2351 1568 2424 illo
1579 2355 1710 2428 clades

93 2488 200 2574 visa,
226 2509 394 2558 eummue
410 2487 511 2556 enim
527 2487 737 2581 sapientior
749 2485 918 2578 virfuit.
962 2483 1117 2574 Oovisue
1127 2483 1350 2578 Helgufelli
1362 2489 1539 2578 eepultue
1554 2500 1628 2578 θείς
1655 2487 1709 2558 ibi

94 2621 201 2692 enim
220 2621 405 2715 templum
425 2619 618 2690 Gudruno
630 2619 856 2690 etruenclum
871 2625 1089 2690 curaverat.
1113 2615 1261 2688 Eodem
1275 2616 1409 2710 hyeme
1418 2619 1569 2705 Geotue,
1598 2621 1709 2694 odd-

94 2751 178 2844 leifi
187 2749 323 2844 filino,
358 2751 400 2822 in
415 2749 588 2822 morbum
615 2749 776 2840 incidit,
802 2749 985 2844 qviqvum
1005 2747 1099 2822 vitoe
1111 2748 1337 2840 perieulum
1345 2749 1494 2820 minori
1507 2752 1708 2846 occeperit,

96 2885 300 2956 Thordum
316 2886 471 2978 Legum
496 2877 673 2974 (brevem)
692 2880 825 2971 filium
843 2906 955 2953 ouum
985 2882 1042 2950 acl
1067 2905 1107 2952 ee
1130 2892 1309 2951 vocatum
1333 2881 1392 2951 ita
1412 2881 1608 2954 allocutus
1630 2897 1708 2956 eet:

91 3017 137 3088 id
153 3040 242 3086 meo
251 3015 340 3105 sert
366 3014 520 3105 opinio,
555 3023 599 3080 ut
623 3011 695 3078 iete
715 3009 871 3079 morbus
891 3010 1202 3080 conovetudinem
1226 3022 1403 3080 nostram
1420 3011 1549 3103 finiat.
1601 3015 1707 3086 Hel-

11 3195 17 3204 .
84 3147 284 3244 gafellum
300 3151 368 3240 ego
385 3143 531 3234 dfferri
546 3141 731 3234 portul03
759 3140 793 3210 ie
808 3141 909 3210 enim
934 3141 1041 3212 loono
1061 3137 1101 3209 in
1117 3139 1179 3209 lzie
1195 3141 1316 3234 pagis
1338 3143 1414 3212 erit
1428 3143 1706 3231 celeberrimus,

86 3303 190 3351 nam
201 3279 329 3348 lumen
343 3278 427 3350 loco
444 3273 718 3368 superfulgens
736 3295 839 3363 eoepe
853 3270 1045 3363 conspexi.
1101 3271 1179 3340 Hie
1194 3271 1311 3339 dietis
1330 3273 1556 3365 exspiravit.
1608 3277 1705 3346 Fri.

81 3413 191 3508 gidn
210 3409 283 3477 illa
292 3409 436 3499 fuerat
453 3405 586 3500 hyeme
604 3426 652 3472 oc
671 3425 783 3499 oqvoe
805 3403 886 3471 lnte
896 3402 1026 3495 glaeie
1052 3399 1209 3472 obtectae
1225 3403 1459 3499 multumque
1473 3405 1513 3475 in
1530 3407 1705 3478 Brattia.

75 3541 263 3635 fib'rclum
289 3539 438 3634 glaciet
461 3548 674 3632 protensa,
713 3547 757 3604 ut
796 3557 916 3604 navet
949 3557 995 3603 ex
1023 3533 1336 3606 Borclnvtroucla
1366 3539 1471 3608 exire
1498 3541 1704 3634 nequirent.

88 3672 211 3746 Geeti
228 3695 369 3766 corpus
386 3674 486 3741 elnae
506 3681 635 3740 noctes
654 3667 768 3760 Hogi
784 3664 993 3754 oclotabat3
1018 3665 1163 3734 'endem
1186 3677 1317 3737 autem
1343 3683 1452 3740 nocte
1479 3683 1593 3741 tanta
1616 3685 1704 3743 orto

88 3816 322 3898 tempestae,
350 3817 394 3874 ut
412 3803 534 3874 omnis
546 3801 733 3896 gloriosa
751 3813 858 3870 terro
873 3769 1171 3892 propelleretur.
1208 3800 1374 3870 Postero
1395 3815 1525 3872 autem
1543 3805 1605 3876 die
1616 3829 1703 3878 coe-

86 3941 177 4008 lum
196 3939 335 4004 endum
353 3957 401 4003 oo
419 3934 685 4025 tranqvillum.
751 3931 929 4002 Tloordne
956 3903 1132 4008 deductor
1157 3929 1250 4002 novi
1273 3933 1382 4002 Geeti
1415 3926 1555 4028 corpus
1576 3937 1705 4032 impo-
1765 3937 1772 3950 ’

83 4071 175 4141 suit
190 4064 225 4134 ἃ
243 4089 286 4133 eo
300 4065 446 4158 qvidem
462 4064 524 4131 elie
538 4062 736 4132 meridiem
754 4085 887 4131 verene
903 4062 1185 4152 Breicloljordo
1213 4065 1388 4152 trajecto,
1424 4090 1577 4158 vespere
1600 4069 1704 4137 Hel-

79 4197 503 4298 gafellnmpervenere
512 4217 526 4282 ,·
553 4193 712 4285 benigue
724 4195 902 4262 Tloorclue
913 4193 966 4262 ibi
983 4205 1163 4286 exceptor
1173 4217 1188 4280 ,⁰
1203 4193 1264 4284 ¹ilri
1278 4219 1353 4288 per
1365 4210 1512 4266 noctem
1521 4197 1706 4292 hospito-

83 4334 225 4404 batur.
296 4329 478 4421 Seqvente
500 4326 562 4394 dte
590 4326 700 4394 Geoli
713 4347 856 4417 corpus
880 4325 1083 4418 sepullum.
1151 4324 1306 4415 Oevifuo
1322 4351 1370 4394 oo
1402 4329 1541 4398 Gestuo
1574 4334 1704 4424 eodem

86 4462 249 4535 tumulo
276 4459 434 4530 conditi.
509 4457 669 4552 lomqve
693 4467 830 4528 eventu
848 4455 1023 4550 probata
1064 4458 1173 4528 Geeti
1202 4457 1415 4529 divinatio:
1455 4487 1517 4532 eos
1546 4464 1704 4534 invicem
1792 4507 1797 4519 ·
1925 4481 1930 4492 ’

83 4595 302 4668 viciniores
313 4593 430 4680 fore,
468 4613 579 4684 qvam
607 4613 717 4682 qvnm
744 4591 848 4658 alter
868 4589 1188 4660 Bardaetroncloe
1205 4591 1309 4660 alter
1336 4615 1426 4663 vero
1449 4595 1705 4687 Soelingeelnls

86 4745 230 4817 tunger
248 4722 467 4809 licebitnvit5
508 4721 685 4790 Tltorclno
701 4721 837 4814 Lagus
853 4721 1099 4816 leio'peraotie
1119 4723 1273 4792 domum
1292 4723 1420 4808 rediit,
1451 4738 1560 4793 nocte
1577 4737 1707 4795 autem

83 4868 268 4954 seqvente
287 4855 484 4926 vehemens
505 4865 593 4922 orto
611 4861 902 4947 eottempeetoe‚
931 4854 1124 4949 omnisqve
1136 4855 1286 4948 glaciet
1302 4855 1357 4922 ad
1373 4866 1517 4924 terram
1531 4857 1704 4949 repulsu,
1802 4879 1808 4890 ·
