4262 5722
712 492 1054 638 μεθ..

135 785 218 844 tum
229 781 481 866 peruenerat.
520 766 963 842 GeirmundusOlovum
978 782 1064 834 cum
1080 775 1139 837 tot
1154 765 1386 858 hominibus,
1412 784 1504 867 quot
1528 771 1607 869 ipsi
1629 799 1757 849 secum

132 905 270 1004 ducere
284 901 431 976 luberet
452 904 509 974 ad
527 881 569 974 se
585 899 785 976 invitavit.
836 897 926 972 Hoc
948 897 1096 970 Olavus
1114 923 1191 972 non
1207 916 1446 998 aspernatus
1471 931 1557 978 cum
1581 909 1624 980 V
1645 909 1758 980 illius

130 1035 349 1132 hospitium
366 1035 482 1106 adiit.
548 1033 686 1122 Cuteri
711 1031 830 1108 Olaoi
855 1031 955 1126 socii
978 1033 1144 1106 navales
1170 1056 1246 1130 per
1280 1035 1437 1109 diversa
1457 1015 1756 1113 Hardolandiat

129 1172 219 1265 loca
234 1169 411 1264 hospitia
436 1166 511 1238 sibi
525 1155 773 1264 occupavere.
840 1167 1102 1238 Geirmundus
1120 1169 1245 1240 Olaao
1260 1146 1398 1242 bonurn
1412 1169 1628 1266 hospitium
1641 1174 1756 1246 exhi-

127 1293 225 1372 buit.
274 1271 558 1373 Domuserant
586 1299 727 1374 ibidem
748 1301 865 1392 atta,
904 1301 1022 1372 multi
1037 1301 1226 1373 mortales
1249 1296 1287 1372 8<
1308 1327 1455 1398 magna
1483 1303 1537 1375 ibi
1547 1330 1624 1401 per
1649 1305 1754 1378 hanc

126 1431 302 1528 hyemem
321 1434 525 1504 hilaritas.
567 1435 607 1508 V
605 1456 716 1505 ersus
722 1430 845 1526 finem
862 1433 1012 1527 hyemis
1041 1433 1192 1507 Olaeus
1220 1435 1459 1508 Geirmundo
1486 1438 1681 1533 negotium
1707 1435 1753 1510 ob

127 1567 232 1662 qood
245 1567 424 1652 uenisset,
439 1566 625 1653 elocutus,
640 1567 742 1638 dixit
757 1589 797 1637 se
807 1567 919 1661 ligna
931 1573 1011 1662 'p'to
1025 1569 1169 1640 redium
1183 1581 1384 1640 structura
1394 1587 1630 1666 comparare
1641 1574 1752 1662 velle,

124 1698 334 1802 magnique
349 1699 425 1772 sibi
431 1700 566 1774 uideri
580 1701 728 1794 referre
734 1751 747 1788 ,
770 1713 815 1772 ut
831 1712 934 1796 apta
949 1701 1061 1794 ligna
1079 1701 1249 1797 eligendi
1266 1705 1430 1775 daretur
1442 1705 1579 1799 copia.
1632 1704 1754 1778 Geir-¹

93 1814 98 1826 ⁶
124 1833 295 1930 mundus
309 1831 431 1934 dixit:
462 1833 624 1906 Haconi
648 1819 800 1932 comitis
825 1857 921 1904 sane
944 1835 1061 1928 sylva
1087 1835 1239 1926 optima
1262 1831 1372 1916 est&
1389 1849 1493 1909 certo
1513 1837 1613 1930 scio,
1652 1837 1688 1930 si
1707 1847 1751 1906 tu

123 1966 243 2038 illum
260 1965 464 2058 convenis,
488 1967 616 2038 ¹illurn
640 1967 681 2062 in
708 1961 779 2036 tua
797 1977 998 2064 potestate
1012 1967 1119 2056 sore.
1160 1967 1396 2070 4ΙΙΙοοηίιη,
1432 1969 1575 2067 inquit,
1609 1976 1753 2056 cames,'

121 2098 220 2170 bene
233 2095 380 2202 occipit
398 2064 592 2187 homines,
619 2096 691 2184 tibi
710 2077 963 2167 Olavebonis
987 2093 1141 2165 artibus
1159 2096 1271 2167 haud
1289 2103 1597 2193 comparandas,
1632 2074 1668 2172 si
1685 2077 1752 2170 illi

121 2257 213 2304 eum
228 2228 406 2303 adeunt·
442 2231 543 2306 Vere
561 2231 708 2302 Olacus
723 2229 781 2298 ad
798 2226 980 2298 Comitem
998 2227 1204 2299 Hoconem
1222 2229 1280 2300 ire
1293 2243 1433 2324 parat.
1489 2202 1618 2302 Carnes
1635 2199 1752 2302 illurn
1779 2235 1784 2242 '

120 2342 224 2436 bene'
237 2365 388 2460 excepit
405 2363 634 2458 rogavitqve
651 2373 695 2433 ut
711 2361 825 2454 apud
841 2383 880 2429 se
895 2372 1072 2431 maneret
1087 2361 1272 2455 quamdiu
1290 2359 1370 2455 ipsi
1384 2362 1575 2456 placeret.
1645 2329 1750 2440 ,bla-

121 2518 201 2572 rus
223 2497 363 2568 Camiti
375 2496 489 2582 dixit,
514 2496 606 2591 qvid
619 2493 694 2564 sibi
707 2493 853 2588 negotii
871 2505 981 2563 esset.
1034 2493 1237 2588 Rogamus
1254 2506 1301 2579 te,
1327 2492 1466 2588 inqvit,
1492 2481 1678 2583 Domine,
1703 2505 1749 2565 ut

121 2633 168 2704 in
198 2641 271 2706 tua
289 2631 410 2724 ,sylva
430 2627 542 2703 uobis
564 2627 675 2722 ligno
694 2628 753 2696 ad
771 2623 942 2719 (edificia
963 2627 1112 2699 cudere
1127 2627 1256 2696 licem.
1324 2625 1454 2700 Comes
1477 2625 1750 2722 respondebat,

120 2766 241 2860 large
264 2762 338 2833 boc
361 2785 458 2858 sane
484 2759 558 2832 tibi
582 2755 843 2848 exhibebitur,
896 2759 974 2830 illa
1001 2758 1102 2832 enim
1126 2758 1237 2852 ligna
1261 2783 1343 2854 qcae
1370 2784 1441 2830 nos
1464 2758 1539 2830 tibi
1557 2757 1749 2852 dabimus,

119 2908 243 2970 erunt
266 2895 498 2990 sufficientia
520 2895 576 2964 ad
599 2892 730 2966 navim
751 2905 859 2963 tuam
878 2893 1145 2978 onerandam,
1177 2866 1255 2963 non
1281 2894 1382 2964 enim
1411 2857 1493 2962 tam
1513 2890 1664 2962 nabiles
1684 2892 1749 2964 ci·-

120 3052 193 3102 ros
220 3030 276 3098 ad
299 3051 369 3097 nos
394 3023 444 3096 ab
461 3025 646 3095 Islandia
673 3024 840 3120 quotidie
863 3025 1068 3115 pervenire
1085 3035 1289 3115 putamus.
1345 3027 1491 3098 Verum
1510 3048 1595 3094 curn
1618 3025 1749 3096 disce-

119 3165 282 3249 derent,
317 3155 426 3228 dedit
453 3155 518 3225 illi
537 3155 667 3252 Carnes
691 3153 855 3225 securim
880 3167 1070 3224 auratam
1096 3151 1212 3223 valde
1228 3155 1469 3247 pretiosam,
1502 3157 1591 3228 dein
1610 3157 1747 3228 intimo

121 3317 215 3366 cum
231 3281 364 3362 amore
379 3285 638 3358 discedebant.
678 3285 941 3355 Geirmundus
958 3285 1061 3354 clam
1072 3283 1226 3373 fundos
1244 3308 1334 3353 suos
1354 3287 1530 3372 elocaoit,
1556 3285 1630 3354 sibi
1647 3285 1749 3356 enim

115 3412 395 3525 proposuerat
416 3439 465 3489 eo
489 3427 629 3487 astate
655 3413 696 3486 in
723 3413 841 3486 Olaci
867 3415 961 3486 naci
993 3416 1051 3485 od
1078 3415 1304 3486 Iclandiam
1330 3412 1540 3507 proficisci.
1577 3398 1750 3487 ¹Omnes

119 3559 204 3631 hac'
232 3550 645 3638 hominembonum,
690 3570 761 3619 nec
792 3543 938 3617 olavus
961 3547 1114 3642 aliquid
1137 3545 1220 3616 hoc
1250 3545 1298 3615 de
1322 3556 1365 3616 re¹
1397 3544 1510 3616 sciuit
1540 3532 1774 3642 antequam

123 3687 394 3766 Geirmundus
423 3705 515 3778 opes
542 3703 638 3754 suas
665 3681 724 3752 ad
754 3665 870 3752 Olaci
900 3680 1031 3752 navim
1061 3682 1301 3774 deportaret.
1370 3675 1497 3748 Multi
1512 3678 1633 3770 sucre
1660 3682 1749 3754 the·-

120 3821 252 3898 sauri.
308 3819 415 3890 Turn
434 3815 600 3888 Olaous:
623 3811 833 3885 noluissem
848 3824 886 3883 te
901 3835 996 3884 sane
1011 3813 1154 3884 inrnea
1177 3810 1270 3883 navt
1283 3807 1473 3885 abducere
1494 3811 1530 3879 si
1544 3812 1617 3882 hoc
1633 3814 1750 3908 prius

119 3955 333 4030 scivissem.
368 3926 511 4020 ¹Credo
529 3947 630 4018 enirn
650 3947 833 4041 quosdam
852 3968 934 4016 esse
950 3945 992 4015 in
1008 3945 1212 4032 Islandia,
1240 3909 1372 4040 quibus
1389 3943 1577 4038 optimum
1584 3945 1697 4048 foret
1708 3958 1751 4033 te

123 4047 326 4182 nunquam
344 4079 576 4173 conspicere.
638 4074 826 4144 Coeterum
849 4099 934 4144 cum
945 4076 1034 4170 jam
1057 4077 1182 4146 tantis
1210 4099 1294 4144 cum
1317 4074 1455 4169 opibus
1471 4075 1547 4147 huc
1566 4079 1751 4150 aduenis-

122 4244 210 4304 ses,
230 4217 321 4287 nolo
346 4227 382 4284 te
400 4207 716 4308 qoemadmodum
740 4205 915 4276 alienum
938 4231 1071 4277 canem
1085 4207 1250 4302 abigere.
1305 4207 1566 4279 Geirrnundus
1584 4233 1751 4305 respon·-

60 4365 65 4372 '
123 4351 270 4428 debat:
305 4349 386 4419 Nec
412 4365 481 4440 ego
514 4339 564 4412 ab
598 4341 740 4412 itinere
764 4337 972 4429 desistam,
995 4339 1153 4410 etiamsi
1180 4353 1224 4410 tu
1242 4329 1416 4411 'duriora
1439 4339 1556 4412 verbu
1576 4343 1751 4428 adhibes,

125 4509 224 4560 nam
252 4507 321 4578 ego
350 4481 392 4549 in
417 4488 549 4550 vestra
566 4473 935 4547 navicomrneatum
959 4471 1136 4544 nancisci
1158 4473 1285 4568 cupio.
1356 4476 1502 4546 Olanus
1528 4499 1612 4548 cum
1637 4476 1752 4548 sociis
1805 4519 1810 4527 -

125 4615 263 4693 navim
276 4607 565 4694 conscendebat,
587 4609 675 4680 velo
691 4605 800 4678 dedit
815 4605 857 4676 in
872 4605 998 4676 altum
1012 4616 1196 4703 ventoque
1217 4609 1383 4679 secundo
1396 4609 1555 4699 ferente
1577 4609 1618 4678 in
1630 4606 1750 4682 Brei-

127 4745 361 4843 dasjbrdum
382 4739 571 4837 pervenit.
633 4740 683 4811 In
709 4737 807 4812 ostio
825 4737 1008 4832 fluminis
1026 4739 1143 4812 Laco
1158 4741 1386 4835 ponticulus
1407 4741 1447 4811 in
1467 4753 1612 4814 terram
1631 4738 1758 4831 ejece-.

126 4891 237 4955 runt.
299 4876 431 4972 Ligna
464 4875 611 4947 otacus
634 4871 675 4943 in
703 4885 850 4946 terram
873 4874 1080 4970 asportari
1090 4871 1258 4968 jubebat
1278 4871 1477 4966 navimque
1501 4867 1694 4968 subducit·
1710 4869 1753 4947 iu

1485 5024 1488 5030 .
1525 5005 1558 5084 R
1775 5009 1778 5012 -
