4274 5728
934 477 1030 568 259
1096 601 1099 608 Α

107 787 110 792 .
158 730 325 808 pentem
335 719 805 812 ultionemexpetiturom.
860 721 1175 818 Etjamqvidem,
1194 722 1326 819 inqvit,
1346 729 1629 822 tompnxodeet²
1654 729 1790 804 uthoec

157 851 393 942 parricidia
398 850 610 944 finiantur.
667 855 859 926 Gudruna
874 856 996 926 dixit:
1023 866 1114 926 tunc
1131 855 1319 928 Lambiuc
1336 859 1412 928 erit
1431 863 1789 958 adoriendusatqve

162 982 448 1068 trucidandus,
481 985 540 1054 ita
564 1009 664 1091 unus
687 987 1003 1082 neqviccimorum
1026 1012 1046 1057 e
1068 989 1194 1058 medio
1212 989 1411 1060 tollitur.'
1447 995 1592 1064 Snorro
1612 996 1787 1088 rogavit:
1829 1083 1830 1086 Ἴ

159 1137 262 1182 num
276 1115 442 1186 Lambio
458 1129 573 1188 tanta
591 1120 710 1214 culpa
726 1133 805 1210 eet,
829 1134 872 1190 ut
884 1121 1078 1190 trucidari
1086 1117 1312 1190 mereatur?
1337 1123 1448 1194 haud
1463 1127 1561 1196 mihi
1575 1125 1658 1196 hoec
1675 1127 1786 1197 vide-
1812 1197 1818 1230 ἱ

162 1257 237 1315 tur
248 1247 516 1340 pleoa'Bollii
535 1251 652 1320 caedis
670 1253 770 1323 ultio
778 1305 791 1340 ,
819 1277 887 1324 nec
905 1251 1105 1347 injudicio
1125 1254 1205 1323 tale
1213 1252 1287 1347 fiet
1306 1255 1416 1328 illiue
1433 1281 1481 1325 ac
1496 1257 1623 1329 Bollii
1640 1259 1784 1358 diecri7

159 1399 272 1461 men,
297 1382 568 1478 qvaleoeqvum
588 1395 663 1472 eet,
690 1409 801 1481 qvum
818 1385 1422 1479 illoecaedescomparataeeruat.
1453 1391 1653 1460 ¹Gudruna
1663 1389 1782 1458 dixit:
1852 1479 1856 1487 Ι

104 1615 108 1622 ἱ
146 1507 252 1599 fieri
272 1513 423 1606 qvidem
432 1527 581 1610 potest,
607 1519 667 1587 uti
681 1517 790 1589 nobie
807 1544 833 1588 a
849 1515 1174 1589 Laxdoelensibue
1193 1515 1259 1613 (ab
1278 1519 1383 1608 illie,
1418 1521 1484 1616 qvi
1497 1521 1539 1591 in
1555 1521 1782 1591 Salmonum

156 1643 1030 1745 vallehubitont)haudaeqvumreddaturjuc,
1058 1650 1657 1745 inaliqvemtamencadetultio,
1678 1649 1780 1748 ⁴qvo-

158 1798 318 1872 cumqve
333 1779 374 1849 in
389 1779 493 1852 valle
512 1779 763 1852 habitaverit.
815 1781 884 1856 Ad
904 1781 1175 1853 Thorcteinum
1192 1783 1320 1878 itaqve
1331 1783 1479 1856 Atrum
1494 1798 1778 1860 noxcooverta-

155 1931 269 1992 mue,
296 1933 405 1980 nemo
421 1912 522 1982 enim
537 1911 653 2004 hujux
668 1937 798 1984 cauete
825 1915 1053 1986 deteriorem
1079 1913 1154 1984 cibi
1172 1927 1331 2009 partem
1355 1917 1579 1990 vindicavit.
1632 1916 1778 1986 Snorro

156 2039 285 2109 dixit:
317 2039 428 2110 houd
445 2043 574 2135 major
603 2043 824 2116 Thoreteini
847 2047 889 2114 in
914 2057 950 2114 te
969 2046 1089 2138 culpa
1108 2058 1182 2134 eet,
1221 2069 1334 2142 qvam
1350 2060 1577 2118 coeterorum
1591 2047 1776 2130 virorum,

155 2171 224 2267 qvi
239 2173 479 2266 expeditioni
497 2177 554 2274 ad
565 2175 744 2247 Bellium
762 2177 1011 2248 occidendum
1026 2175 1251 2268 interfuere,
1277 2173 1316 2248 ἃ
1337 2178 1417 2272 ipsi
1435 2190 1566 2249 tomen
1582 2177 1648 2248 illi
1665 2177 1776 2248 haud

154 2305 346 2396 infectam
363 2331 522 2380 manum
537 2309 714 2380 intulere.
768 2309 1181 2404 Illocautem·qvietoc
1194 2333 1352 2382 manere
1363 2323 1524 2406 patere,
1555 2307 1688 2406 ovibus
1706 2333 1774 2380 cc-

156 2436 254 2505 cicic
272 2438 371 2508 mihi
389 2443 556 2538 gravior
581 2439 778 2514 videretur
794 2443 897 2513 ultio
916 2439 1072 2536 perfici,
1108 2443 1241 2538 qviqve
1261 2445 1341 2538 ipsi
1356 2444 1532 2516 Bellium
1550 2443 1774 2514 trucidave-

154 2569 263 2658 rint,·
290 2571 332 2642 in
352 2571 562 2645 hie'autem
576 2586 634 2645 eet
650 2575 842 2670 Helgiuc,
868 2572 1093 2646 Hordbeioi
1104 2573 1224 2664 filius.
1278 2577 1473 2647 Gudruna
1490 2575 1592 2646 dixit
1598 2599 1612 2664 ‚·
1639 2598 1772 2647 verum

153 2701 311 2796 qvidem
325 2703 418 2791 hoc,
454 2717 585 2776 tamen
596 2706 692 2800 pati
708 2731 865 2802 neqveo,
889 2718 936 2778 ut
952 2705 1020 2776 icti
1034 2729 1162 2776 omnes
1174 2707 1271 2796 viri,
1303 2709 1348 2778 in
1362 2731 1451 2803 qvos
1466 2707 1634 2777 multum
1649 2717 1771 2776 antea

153 2836 299 2932 collegi
313 2839 444 2908 odium
454 2888 465 2926 ,
492 2838 636 2908 intacti
649 2853 848 2910 maneant.
902 2837 1049 2909 Snorro
1067 2839 1291 2933 respondit:
1320 2829 1401 2910 hac
1422 2838 1465 2910 in
1482 2862 1526 2910 re
1541 2861 1612 2934 ego
1629 2836 1770 2908 bonum

146 2968 355 3062 perspicio
376 2967 601 3058 concilium
635 2965 825 3038 Lambiue
838 2969 1160 3058 acThorcteinuc
1168 2969 1281 3061 filiae
1296 2983 1382 3040 tuoe
1404 2983 1632 3064 ceqvantur,
1663 2969 1769 3040 hanc

149 3125 225 3198 ego
245 3099 328 3170 illic
340 3099 521 3172 meritam
533 3105 676 3194 poenae
690 3099 962 3170 redemtionem
966 3099 1130 3191 judico,·
1154 3100 1190 3170 ci
1202 3100 1275 3173 hoc
1294 3123 1385 3173 vero
1408 3099 1625 3187 noluerint,
1658 3098 1770 3168 haud

150 3257 251 3306 eane
275 3258 343 3330 ego
369 3233 461 3304 illoc
484 3256 527 3302 eo
552 3233 660 3302 molo
683 3230 934 3315 subtraham,
967 3231 1065 3326 qvod
1087 3230 1195 3302 vobio
1214 3232 1265 3302 iio
1285 3232 1431 3322 inferre
1433 3233 1566 3324 suerit
1588 3227 1767 3298 lubitum.

153 3369 354 3440 Gudruna
368 3365 489 3436 dixit:
515 3388 587 3462 9νο
598 3376 722 3460 pacto
742 3364 819 3436 erit
827 3363 1117 3459 procedendum
1128 3365 1187 3434 ad
1199 3363 1289 3436 illoc
1305 3363 1427 3448 viros,
1454 3385 1546 3460 qvae
1557 3363 1646 3455 jam
1659 3383 1768 3430 nun·
1806 3341 1811 3344 ’

152 3499 331 3598 cultasti,
356 3500 398 3570 in
410 3497 515 3570 hanc
529 3499 811 3594 expeditionem
821 3491 1121 3594 perducendos?
1144 3497 1234 3568 Hoc
1247 3497 1424 3586 illorum,
1445 3496 1510 3593 qvi
1525 3491 1765 3590 expeditioni

146 3635 332 3734 prosint,
360 3631 524 3728 officium
532 3631 608 3701 erit
617 3628 735 3728 (dixit
744 3625 915 3725 Snorro).
969 3607 1162 3700 Gudruno
1181 3631 1408 3724 respondit:
1431 3601 1488 3700 od
1502 3629 1545 3699 id
1559 3595 1679 3699 etiam
1694 3639 1762 3696 tuo

152 3781 307 3842 utemur
322 3765 506 3853 consilio,
533 3741 595 3860 qvi
608 3763 847 3860 expeditioni
855 3762 1107 3859 prasuturuc
1123 3761 1186 3832 eit.
1242 3761 1391 3833 Soorro
1412 3761 1518 3833 dixit
1537 3745 1761 3832 eubridenc:
1807 3753 1810 3758 ’

149 3903 208 3972 od
223 3900 392 3994 hocjom
405 3898 531 3968 virum
549 3896 738 3992 delegisti.
794 3897 989 3967 Gudruna
1005 3895 1129 3966 dixit:
1158 3889 1591 3991 Thorgilcumnedicic?
1612 3893 1761 3963 Snorro

149 4031 273 4103 dixit:
306 4030 366 4100 ita
393 4030 553 4125 qvidem.
619 4027 813 4098 Gudruna
836 4029 1059 4122 respondit:
1095 4027 1173 4098 hac
1202 4027 1250 4100 de
1282 4052 1324 4100 re
1358 4037 1477 4098 antea
1514 4025 1761 4119 Thorgileum

147 4167 328 4238 allocuta
351 4186 455 4252 cum,
484 4159 574 4259 jam
593 4181 683 4246 vero
703 4158 767 4229 illi
786 4159 844 4230 rei
847 4155 947 4250 finio
970 4172 1049 4252 eet,·
1084 4160 1153 4235 ille
1171 4161 1276 4236 enim
1301 4159 1420 4244 talem
1444 4157 1542 4236 mihi
1560 4157 1678 4253 hujux
1701 4156 1760 4228 rei

147 4299 406 4386 conditionem
426 4293 586 4384 obtulit,
616 4315 730 4388 qvam
745 4315 816 4388 ego
837 4292 995 4364 omnino
1015 4289 1277 4390 abjiciendam
1297 4315 1498 4380 =censeam3
1529 4289 1761 4386 Thorgileue

147 4437 247 4508 enim
257 4428 467 4530 affirmavit
478 4403 517 4498 ee
526 4425 637 4500 haud
644 4426 1087 4498 -detrectaturumBollii
1094 4425 1391 4531 'credemulcicci
1411 4425 1562 4496 eimeas
1570 4421 1760 4495 obtineret

147 4564 475 4662 nuptiaexhujue
492 4573 623 4633 autem
643 4561 700 4631 rei
718 4559 936 4633 obtinenda
948 4544 1292 4656 nullacpeeodeot,
1316 4533 1758 4656 qvapropteregcillum

147 4703 220 4774 hoc
248 4701 322 4771 iter
347 4698 543 4791 succipere
567 4695 678 4766 haud
701 4693 856 4792 rogabo.
918 4695 1063 4765 Snorrc
1091 4691 1213 4764 dixit:
1244 4693 1419 4764 hancad
1434 4709 1598 4780 remago
1620 4681 1760 4752 bonum
1854 4717 1858 4722 ·
1945 4783 1958 4804 ⁰

144 4832 325 4906 exhibebo
346 4827 568 4920 concilium,
595 4829 893 4926 qvandoqvidem
914 4825 1121 4924 Thorgileo
1138 4811 1409 4898 haudisthanc
1430 4819 1578 4890 invideo
1594 4813 1757 4909 expedi-

1367 4967 1370 4974 '
1449 4948 1557 5022 ΚΜ
