4282 5714
1145 513 1215 592 xu

389 763 606 858 moribus
648 763 785 860 istius
815 765 925 878 aevi,
983 767 1143 889 neqve
1174 764 1235 856 ab
1269 763 1395 860 elata
1425 787 1586 868 mente
1616 784 1827 876 auctoris
1862 783 1978 884 alie·

388 938 519 1013 num
576 903 733 1040 docile
760 938 877 1004 vero
907 906 1210 1046 intelligitur,
1260 912 1559 1032 caselensi,
1613 923 1695 1045 qvi
1725 919 1979 1055 historiam

386 1050 635 1182 religionis
687 1051 957 1146 christianae
1003 1059 1056 1144 in
1101 1047 1310 1188 patriam
1349 1059 1637 1170 introductae
1682 1077 1975 1196 scripserint,

385 1196 624 1292 nefarium
651 1197 783 1294 istud
815 1220 985 1294 contra
1012 1197 1246 1325 inclytum
1260 1229 1396 1298 'veroe
1423 1206 1673 1336 religionis
1700 1245 1978 1340 praeconem

387 1349 639 1442 omiserint
668 1342 941 1438 consilium.
1034 1343 1187 1438 Addit
1215 1370 1448 1472 praterea
1474 1376 1642 1450 noster
1672 1367 1738 1486 (p.
1773 1373 1873 1482 172)
1892 1399 1978 1480 ¹rc-

382 1521 493 1618 gem
520 1521 610 1615 per
636 1488 964 1617 speculatores
994 1489 1055 1614 de
1082 1481 1264 1608 verbisj
1301 1524 1402 1618 qvae
1423 1493 1670 1634 effuderat
1699 1507 1974 1630 Kiartanus,

384 1637 641 1730 certiorem
673 1633 877 1756 factum,
937 1635 1070 1732 hunc
1103 1636 1340 1765 postridie
1373 1671 1486 1736 cum
1516 1652 1664 1744 sociis
1693 1654 1747 1742 in
1777 1660 1977 1750 concio-

382 1811 498 1886 nem
537 1809 762 1901 vocasse,
830 1804 972 1910 atqve
1003 1784 1236 1877 ferociam
1274 1787 1467 1921 consilii
1511 1793 1612 1914 ejus
1652 1794 1825 1916 leniter
1847 1805 1975 1918 satis

380 1928 716 2054 increpantem
759 1926 996 2023 dimisisse
1041 1933 1284 2044 ‚intactum
1311 1963 1438 2050 cum⁴
1455 1933 1533 2034 his
1570 1943 1751 2036 verbis:
1800 1949 1976 2071 ¹ipsum

378 2075 542 2166 Deum
579 2071 817 2168 affirmare
852 2103 906 2166 se
946 2076 1191 2166 neminem
1232 2075 1356 2171 velle
1392 2079 1458 2170 ad
1484 2113 1538 2174 se
1569 2085 1776 2204 invitum
1802 2119 1974 2213 perve-

377 2221 498 2308 nire.
563 2221 692 2307 Mira
720 2247 838 2308 sane
867 2221 966 2308 isto
1001 2237 1222 2340 tempore
1247 2218 1546 2340 humanitas,
1572 2259 1697 2350 -qrae
1720 2261 1837 2324 cum
1866 2239 1975 2354 rio.

379 2359 550 2476 lentia,
592 2389 657 2452 ne
684 2355 901 2454 dicamus
932 2358 1285 2478 crudelitatem,
1330 2366 1468 2460 istius
1495 2368 1621 2496 regis
1654 2377 1708 2467 in
1735 2377 1972 2509 religione

247 2539 249 2546 ⁴
377 2501 721 2636 propaganda,
781 2509 866 2605 vix
907 2502 1166 2599 conciliari
1192 2538 1340 2634 posse
1373 2509 1598 2634 ridetur„
1671 2519 1768 2642 Sed
1789 2547 1970 2648 ‚tamen

246 2680 253 2691 ’
379 2649 582 2748 aderant
610 2681 765 2748 causae
796 2671 872 2744 sat
898 2681 1085 2780 graves,
1122 2683 1223 2776 qvae
1254 2653 1384 2750 hanc
1415 2656 1671 2756 svaderent
1697 2694 1971 2800 mensvetu7

379 2791 569 2912 dinem3
593 2793 848 2892 ¹intellexit
884 2828 1061 2924 nempe
1088 2828 1194 2918 rex,
1237 2832 1290 2896 se
1325 2800 1580 2930 clementia
1610 2840 1723 2941 erga
1749 2814 1967 2946 hospites

381 2941 751 3041 christianismo
789 2964 926 3040 tanto
969 2942 1160 3046 facilius
1198 2948 1251 3036 in
1278 2946 1490 3044 Islandia
1529 2954 1714 3050 aditum
1745 2993 1849 3057 esse
1865 2995 1967 3090 pa.

377 3075 617 3204 murrum
683 3091 799 3184 satis
834 3110 1005 3183 autem
1055 3087 1247 3201 constat
1288 3125 1453 3224 regem
1485 3101 1633 3192 istum
1668 3135 1773 3199 non
1813 3101 1964 3206 modo

375 3233 642 3362 prudenter
675 3232 764 3347 sed
800 3232 1044 3330 interdum
1082 3235 1257 3356 callide
1271 3247 1312 3357 *)
1344 3250 1695 3373 propagationi
1717 3251 1964 3381 religionis

376 3380 689 3487 consuluisse.
784 3369 981 3474 Summa
1021 3380 1215 3503 qridem
1255 3385 1538 3482 crudelitate
1571 3394 1627 3480 in·
1659 3397 1837 3491 multos
1879 3431 1966 3492 sae·

374 3528 483 3649 siit,
517 3523 604 3644 ¹qvi
631 3544 763 3632 nova
793 3546 933 3608 sacra
966 3517 1217 3612 admittere
1249 3521 1533 3658 noluerunta
1569 3535 1670 3661 sed
1685 3537 1965 3672 plemmqve

373 3672 429 3766 in
462 3693 564 3784 eos,
600 3689 720 3786 qvos
751 3657 987 3754 malarum
1014 3665 1368 3788 superstitionis
1398 3675 1572 3770 artium
1599 3708 1850 3808 suspectos
1878 3691 1966 3786 ha·

372 3813 494 3910 buit
570 3811 683 3935 Ipsa
715 3803 922 3931 deniqve
955 3810 1175 3912 Kiartaui
1203 3815 1257 3904 in
1287 3815 1501 3914 consiliis
1534 3827 1783 3952 capiendis
1814 3838 1964 3930 auda.

375 3961 476 4074 cia,
537 3961 591 4046 in
633 3949 920 4050 confitendis
951 3957 1222 4076 sinceritas,
1284 3965 1387 4092 regi
1418 3997 1656 4096 generoso
1686 3979 1768 4076 rix
1793 3977 1961 4106 displi-

373 4123 591 4209 cuerunt
900 4135 903 4140 ·
1538 4195 1541 4203 .

414 4363 420 4372 Ι
461 4363 466 4370 ,
569 4247 746 4343 Praeter
774 4241 925 4380 libros
957 4247 1056 4372 jam
1086 4274 1377 4350 memoratos
1394 4261 1608 4356 Kiartani
1634 4275 1818 4366 mentio
1832 4277 1960 4398 'qro-

370 4427 466 4524 ,qve
492 4391 546 4488 lit
562 4397 627 4486 'in
652 4392 856 4491 historia
885 4392 1164 4528 Gtmnlaugi
1194 4401 1531 4536 Vermilingvis
1557 4441 1607 4536 p.
1635 4433 1687 4534 4,
1745 4420 1800 4510 in
1828 4412 1960 4519 Fosl-

369 4610 641 4645 unuh—unuh-

378 4725 383 4840 :
451 4762 485 4856 ἓ)
506 4724 652 4832 lliitoria
682 4733 796 4851 regum
816 4729 1077 4852 Norvegicornm
1108 4757 1285 4870 aSuorrio
1309 4765 1427 4844 sauata
1458 4765 1528 4848 lilio
1561 4782 1747 4880 eomuipta
1776 4781 1843 4860 rol.
1862 4789 1888 4859 Ι.
1918 4791 1954 4860 iu

501 4867 639 4940 historia
667 4871 754 4958 regis
772 4870 866 4940 olavi
890 4867 1050 4963 Tryggvii
1072 4874 1132 4944 lilii
1151 4901 1249 4972 capp.
1271 4891 1322 4950 65.
1346 4891 1397 4950 ts.
