4282 5714
842 499 1058 621 *ee-

140 759 229 822 erat
241 743 470 844 Hatlger'da
483 741 696 843 Longbrob
711 741 901 843 (Procera
915 747 958 820 V
955 743 1100 844 irago),
1122 723 1254 822 attera
1275 750 1451 834 ἸῚιιιιίιΖα,
1460 776 1475 846 ,·
1504 777 1632 826 omnes
1649 735 1763 826 liberi

138 883 186 953 de
200 881 336 979 qeibns
357 903 545 976 magnam
567 880 791 977 conceperit
809 904 927 975 opem.
1000 880 1228 953 Thorleikas
1246 899 1333 956 erat
1349 888 1410 960 eir
1425 912 1580 982 magnae
1595 899 1763 957 etatnrce

137 1024 255 1109 atqve
277 1013 460 1086 robustus
480 1009 519 1086 ἃ
543 1029 751 1112 conspectu
776 1025 985 1109 angustae,
1022 1035 1172 1109 param
1199 1017 1356 1113 loqvens
1380 1045 1449 1092 nec
1464 1020 1634 1092 blandas
1650 1022 1762 1092 ailo-

137 1146 354 1247 qventibus,
368 1159 554 1246 erantqee
569 1148 755 1236 homines,
782 1149 847 1245 qvi
864 1148 1038 1245 iniqezem
1052 1149 1267 1242 illnmfore
1285 1155 1494 1226 crederent.
1549 1153 1762 1248 ScepeHo-

135 1281 299 1352 stelae
324 1280 525 1376 affirmare
549 1283 815 1354 audientest:
847 1283 1397 1376 cumpereimilemfatnrnm
1426 1289 1534 1382 genti
1558 1289 1762 1358 Stranda-

134 1437 382 1485 marmorum.
455 1413 616 1486 Bardas
647 1429 738 1488 erat
764 1417 905 1534 sermo
942 1415 1053 1486 cirili
1078 1415 1297 1516 viribneqve
1323 1421 1630 1516 protelem,-
1615 1447 1650 1490 ω
1671 1433 1761 1492 erat

135 1511 247 1620 ilites
270 1545 442 1640 nobitas,
461 1562 507 1620 at
533 1550 698 1645 agnatis
723 1549 813 1619 simi
815 1549 951 1626 liorem
961 1548 1144 1640 faturum
1158 1550 1273 1642 sace
1272 1579 1292 1621 e
1318 1555 1500 1624 crederes.
1553 1554 1603 1623 In
1618 1554 1759 1623 adole-

134 1681 285 1750 scentia
310 1693 399 1752 erat
419 1679 580 1788 Barda-c
604 1683 718 1752 bomo
733 1683 903 1778 qeieten,
935 1683 1219 1780 multornmqee
1234 1679 1665 1790 amicitia-florencst
1637 1685 1760 1756 Illum

132 1801 365 1884 Hoeke‘tees
389 1814 560 1885 omnium
586 1813 797 1886 liberorum
821 1838 981 1884 suornm
1004 1817 1252 1887 carissimam
1276 1817 1427 1895 babuit.
1479 1818 1648 1892 Iam-res
1665 1819 1758 1889 H'o'-

133 1945 267 2017 ckuldi
285 1958 402 2042 atqve
420 1947 599 2040 dignitas
616 1943 784 2018 maltam
790 1947 977 2040 floruere.
1039 1951 1131 2020 Hoc
1157 1963 1329 2044 tempore
1347 1949 1758 2022 Koeknldnssororem
1853 1979 1860 1992 s

133 2080 287 2150 Gream
312 2078 466 2172 Veleiso
499 2079 642 2154 Gamla
665 2077 779 2172 (ceni)
804 2092 973 2174 nuptum
995 2083 1112 2154 dedit.
1164 2083 1758 2177 Helmgaunga-Bersifflerci

128 2211 365 2300 Duellator)
390 2222 480 2280 erat
499 2209 658 2279 illorum
676 2207 800 2304 filiae.

824 2416 957 2507 CAP.
995 2405 1059 2506 X.

330 2581 536 2711 Hrappne
551 2626 639 2687 erat
654 2613 905 2708 nomenato,
933 2615 997 2712 qvi
1015 2614 1300 2687 inLoxordalo
1318 2613 1529 2687 habitabat
1541 2617 1597 2688 od
1612 2614 1754 2688 boreo-

129 2751 206 2822 iem
222 2749 560 2847 ripamfluminie.
614 2751 666 2820 Id
675 2750 876 2845 praetium
892 2748 1340 2851 deindeHrappsstadir
1354 2763 1648 2846 nuncupatam
1664 2751 1755 2845 jam

127 2887 287 2988 decerta
306 2908 352 2954 ea
374 2884 461 2953 loca
478 2895 580 2953 snnt.
632 2885 835 2990 Hrappnc
848 2882 1012 2976 eratfil'
999 2907 1059 2952 ene
1077 2883 1314 2970 Samarlidi,
1351 2909 1562 2980 cognomen
1586 2883 1650 2953 illi
1662 2895 1753 2953 erat

128 3019 174 3093 V
170 3018 424 3113 egabrappao
447 3014 665 3118 (Hrappnc
684 3012 859 3112 occisor).
920 3016 1079 3087 Scotica
1096 3027 1185 3086 erat
1200 3029 1377 3110 paterna
1396 3041 1503 3112 gene,
1530 3023 1754 3086 maternam

124 3173 222 3227 aera
248 3174 358 3220 omne
376 3175 499 3245 genae
522 3148 786 3230 meritonae
806 3160 922 3244 atqve
946 3147 999 3218 ibi
1026 3147 1090 3219 illi
1109 3160 1197 3216 erat
1217 3150 1356 3220 natale
1372 3151 1519 3242 ιοΙιιηι,ο
1567 3149 1635 3240 ille
1662 3161 1752 3220 erat

122 3287 192 3362 vir
200 3305 357 3378 magna
368 3293 535 3350 stataroe
545 3291 661 3374 atqve
661 3281 813 3369 fortie‚·
830 3281 952 3350 etiam
968 3282 1174 3376 aliqeanto
1179 3283 1402 3372 potentiori
1416 3293 1614 3376 nunqnam
1618 3281 1751 3370 facile

123 3416 290 3492 cedebat
313 3424 472 3506 eratqee
492 3412 705 3505 pervicax,
748 3411 809 3480 nti
825 3411 1016 3502 scriptam
1040 3409 1205 3504 legitur,
1231 3411 1661 3506 nolnitqeemalesacta
1680 3437 1751 3483 ex-

120 3555 244 3650 piare
252 3573 266 3642 ,·
293 3544 608 3640 ttaqvesagienc,
629 3526 891 3613 occidentalia
913 3543 1044 3612 maria
1058 3543 1299 3636 peragravit
1319 3544 1431 3638 idqve
1444 3546 1537 3614 emit
1548 3537 1749 3638 proedinm

123 3685 324 3785 qvodjam
341 3677 536 3770 habebat7·
563 3665 662 3746 nxor
677 3674 830 3744 nomine
841 3677 879 3746 V
880 3674 982 3769 igdis
998 3675 1184 3768 eratfilia
1194 3676 1438 3769 Hollsteiaij
1466 3677 1748 3770 illornmfiline

98 3868 101 3874 -
121 3813 393 3894 Sumortidtos
406 3810 694 3882 nominabatur.
753 3805 895 3878 Uxoris
894 3805 1042 3900 frater,
1064 3809 1648 3903 TboreteinneSnrtnseocatae‚
1666 3826 1748 3886 tam

128 3955 164 4027 T
161 3949 341 4025 harenosi
354 3945 577 4034 habitabat,
592 3945 652 4012 ati
664 3955 785 4012 antea
799 3925 1055 4047 memoratum
1076 3955 1143 4012 est.
1197 3941 1258 4013 Ibi
1268 3943 1534 4014 Sumarlidins
1548 3948 1747 4040 educatus,

124 4086 289 4185 optimae
310 4080 395 4176 spei
400 4079 572 4176 juvenis.
633 4077 886 4148 Thoreteinus
901 4089 1021 4146 antea
1037 4077 1078 4145 in
1091 4075 1344 4147 matrimonio
1360 4077 1535 4170 νὶιιιινιιι,Ι
1562 4093 1643 4150 tam
1659 4105 1750 4156 vero

123 4244 226 4294 uxor
242 4227 331 4288 erat
348 4225 504 4283 mortno
512 4236 526 4304 5
555 4211 644 4280 dna
660 4207 978 4302 illisnerefiliae,
1004 4231 1170 4304 qearum
1190 4234 1271 4280 nna
1286 4210 1469 4281 Gudricla
1486 4215 1616 4285 altera
1643 4217 1747 4288 Osba

123 4366 270 4430 vocata
291 4360 359 4421 eet.
418 4345 648 4420 Tborkellue
672 4341 863 4437 Trefillas‚
897 4344 964 4439 qni
982 4343 1493 4438 Svignacbardilrabitaeit,
1520 4350 1742 4420 Gndridom

124 4493 168 4562 in
182 4443 436 4561 matrimonio
453 4457 623 4574 babebat
632 4503 646 4569 ‚·
674 4479 742 4549 ille
759 4479 955 4576 dignitate
970 4489 1085 4573 atqve
1103 4479 1304 4572 capientia
1325 4481 1492 4551 maltam
1509 4461 1721 4554 excellebat
1727 4509 1742 4576 ,-

120 4635 246 4721 pater
271 4619 334 4690 itti
359 4627 448 4688 erat
463 4611 803 4728 Ranciobjarnine.
871 4609 973 4685 osta
1000 4625 1131 4683 antem
1147 4577 1483 4706 Thorcteinifllia
1506 4617 1592 4687 viro
1611 4605 1745 4686 breid-

113 4753 332 4857 fj'ordenci,
354 4751 417 4820 cni
432 4772 570 4820 nomen
599 4747 855 4838 Thorarinns,
878 4748 1033 4818 elacata
1048 4759 1129 4837 eet,·
1157 4747 1226 4818 ille
1239 4760 1328 4820 erat
1348 4749 1410 4821 eir
1427 4745 1610 4820 e'trenuuc
1626 4761 1745 4847 atque

122 4863 242 4965 carne
247 4885 403 4984 popule
412 4897 450 4958 et
459 4883 572 4980 apud
581 4905 753 4953 socerum
769 4881 1042 4954 Tleorcteinnm
1057 4882 1180 4954 eitam
1192 4883 1310 4977 degit,
1330 4879 1525 4950 tamenim
1542 4882 1744 4993 Tboretei-

1509 5013 1546 5084 D
